4575 6042
1617 779 2668 860 WEDDERBURNENSI.
3490 788 3587 856 25

677 1000 836 1100 plus
889 997 1209 1098 periculi,
1263 1022 1478 1098 quem
1537 996 1610 1073 se
1668 995 1980 1097 posthaec
2013 997 2239 1072 veniae
2282 997 2735 1073 crediturum.
2848 995 3090 1097 Atque
3148 993 3325 1086 haec,
3382 1008 3591 1095 prout

679 1121 975 1221 quisque
1004 1118 1292 1194 Humiis
1325 1117 1618 1208 amicus,
1649 1130 1772 1192 aut
1799 1119 2032 1193 minus
2055 1117 2384 1194 inimicus
2420 1116 2804 1218 (moriente
2839 1141 3002 1193 cum
3024 1115 3207 1218 ipfis‚
3238 1127 3363 1191 aut
3396 1116 3591 1190 versa

685 1241 754 1313 in
789 1237 1025 1314 hostes
1058 1237 1357 1337 invidia)
1395 1261 1686 1338 gravem
1720 1238 1959 1313 casum
1993 1237 2480 1322 miserabatur,
2509 1248 2633 1312 aut
2667 1237 2842 1313 fasti
2871 1238 3317 1313 atrocitatem
3346 1235 3594 1312 exhor·

683 1358 1026 1445 rescebat,
1060 1359 1133 1433 in
1188 1383 1561 1459 protegem
1598 1356 1806 1433 variis
1840 1357 2084 1432 studiis
2126 1357 2613 1457 jactabantur.
2721 1357 2801 1432 In
2841 1356 3317 1459 Hepburnum
3355 1357 3595 1432 Mora-

685 1481 816 1555 viae
850 1479 1259 1581 episcopum
1295 1477 1575 1554 invidiae
1610 1478 1835 1552 moles
1871 1477 2220 1564 incubuit,
2267 1477 2466 1552 illum
2501 1490 2649 1554 tam
2685 1479 2944 1554 atrocis
2976 1477 3315 1554 facinoris
3347 1478 3595 1554 aueto-

687 1626 858 1689 rem‚
893 1600 1263 1701 depulsum
1315 1599 1764 1700 episcopatus
1804 1598 2398 1698 Andreapolitani
2434 1600 2577 1700 spe,
2615 1598 2891 1699 privata
2924 1598 3244 1674 vindicta
3280 1599 3596 1674 animum

687 1721 1017 1824 explefl'e,
1051 1721 1241 1796 hunc
1275 1721 1416 1796 suae
1450 1719 1857 1820 suspicionis
1911 1717 2247 1821 implefl'e,
2298 1719 2657 1820 publicam
2698 1745 2939 1795 curam
2994 1719 3367 1796 ostentafl'e
3420 1719 3593 1794 nihil

686 1845 919 1919 minus
961 1841 1331 1943 cogitanti.
1439 1840 1728 1941 Quippe
1779 1838 2213 1941 frangendos
2249 1839 2548 1940 spiritua,
2588 1853 2661 1916 et
2695 1841 3076 1917 indomitos
3112 1840 3364 1916 Humii
3421 1841 3592 1917 ami-

691 1989 814 2039 cos
846 1964 1033 2038 ferro
1069 1960 1522 2061 superandos,
1562 1958 1753 2062 apud
1788 1985 2164 2061 proregem
2203 1959 2633 2060 disputabat,
2671 1971 2720 2007 “
2746 1961 2963 2051 Quid,
2994 1987 3083 2038 eo
3112 1960 3425 2049 absente,
3450 1985 3595 2037 non

693 2085 1043 2172 ausurum,
1108 2082 1256 2183 qui,
1315 2082 1660 2182 praesenti,
1724 2093 1830 2155 tot
1890 2081 2235 2156 tumultus
2295 2080 2710 2157 excitafl'et?
2782 2082 2984 2182 cujus
3040 2108 3185 2158 non
3243 2084 3596 2184 spreturus

690 2205 882 2293 effet,
924 2203 1044 2305 qui
1078 2202 1290 2304 ipfius
1323 2203 1537 2278 toties
1590 2201 1943 2303 sprevisset
1994 2202 2551 2279 auGtoritatem?
2608 2203 2698 2277 ad
2732 2201 2889 2282 haec
2934 2228 3129 2304 opeS,
3180 2203 3590 2294 austeritas

692 2326 1015 2425 potentia
1049 2325 1204 2424 ejus
1239 2323 1518 2414 aemula,
1558 2323 1798 2398 omnia
1851 2322 1945 2397 ad
2001 2321 2335 2398 invidiam
2383 2323 2647 2415 aucta3
2704 2323 3019 2399 animum
3070 2324 3491 2425 inquietum,
3525 2335 3598 2400 et

693 2472 878 2547 pene
914 2470 1215 2547 regnum
1253 2445 1654 2546 spirantem,
1689 2445 1916 2543 cujus,
1951 2469 2028 2519 re
2082 2444 2437 2546 usurpata,
2475 2469 2736 2520 nomen
2790 2444 3015 2521 solum
3069 2444 3359 2533 deeffet,
3392 2471 3600 2522 occa·

691 2567 862 2642 fioni
898 2592 1041 2641 non
1079 2566 1512 2641 defuturum.
1624 2564 2001 2666 Cogitaret
2052 2591 2197 2666 quo
2237 2566 2311 2641 in
2347 2566 2555 2656 statu,
2610 2565 2736 2641 sub
2784 2566 3114 2654 reditum,
3150 2593 3262 2643 res
3295 2568 3601 2668 reperire

695 2688 928 2780 vellet,
968 2701 1042 2763 et
1092 2712 1181 2762 eo
1235 2710 1476 2761 curam
1539 2686 1950 2762 extenderet
1983 2715 2006 2777 ς
2065 2686 2317 2762 frustra
2379 2686 2469 2761 de
2530 2712 2619 2762 eo
2677 2687 2749 2762 in
2790 2687 3035 2762 Gallia
3093 2688 3595 2789 cogitaturum,

693 2808 944 2884 frustra
980 2833 1141 2883 cum
1177 2807 1297 2882 ille
1330 2805 1617 2905 fastigia
1651 2831 1882 2881 rerum
1917 2831 2044 2908 per
2077 2808 2172 2892 se,
2209 2818 2335 2882 aut
2361 2807 2580 2883 alium
2615 2808 3062 2910 occupafl'et3
3097 2834 3289 2886 nunc
3314 2809 3598 2886 obviam

695 2929 1032 3015 eundum,
1067 2953 1210 3003 non
1246 2930 1420 3017 sere,
1461 2939 1533 3002 et
1585 2926 1980 3028 longinquo
2032 2927 2296 3002 auxilio
2322 2929 2398 3020 ;’'
2454 2926 2587 3019 his,
2627 2939 2753 3003 aut
2806 2929 2915 3004 his
2966 2953 3110 3004 non
3165 2929 3600 3033 dissimilibus

695 3076 966 3152 aegrum
999 3075 1127 3151 per
1160 3049 1233 3124 se
1268 3048 1582 3124 animum
1615 3047 1962 3149 impulisse
2004 3047 2313 3123 creditur
2348 3048 2439 3123 ad
2479 3047 2909 3123 Humiorum
2956 3049 3273 3126 exitium.
3382 3051 3602 3128 Certe

696 3183 773 3247 ut
806 3182 960 3247 erat
993 3171 1096 3246 vir
1131 3168 1448 3260 callidu8‚
1489 3194 1614 3269 per
1648 3169 1954 3268 speciem
1989 3169 2419 3260 consulendi,
2451 3180 2795 3270 tanquam
2827 3171 3036 3271 patrii
3062 3171 3277 3248 moris
3310 3197 3597 3274 gnarus

695 3296 767 3369 se
802 3294 872 3368 in
908 3294 1228 3393 protegis
1260 3290 1814 3366 familiaritatem
1862 3290 2044 3366 adeo
2096 3289 2589 3376 insinuaverat,
2625 3300 2705 3365 ut
2749 3316 2935 3390 pene
2970 3292 3095 3368 soli
3128 3293 3399 3386 fideret,
3438 3319 3601 3370 cum

697 3415 844 3490 solo
899 3413 990 3489 de
1043 3411 1257 3488 rebus
1313 3411 1638 3486 maximis
1692 3412 2051 3488 sermones
2104 3412 2482 3487 conferret.
2590 3411 2659 3486 Is
2698 3410 2969 3487 Humio
3019 3412 3369 3506 inimicus,
3406 3414 3603 3516 quod

699 3537 865 3612 sane
903 3531 1491 3634 Andreapolitani
1545 3532 2013 3633 episcopatus,
2053 3532 2121 3607 in
2161 3557 2377 3633 quem
2418 3532 2536 3608 ille
2574 3534 2640 3608 vi
2674 3532 3045 3621 invaserat,
3079 3535 3395 3637 diploma
3433 3535 3602 3612 For-

696 3681 960 3732 manno
996 3654 1243 3729 datum
1279 3678 1324 3728 a
1356 3653 1690 3754 pontifice
1716 3651 2065 3744 Roman0,
2093 3651 2288 3753 quod
2323 3664 2495 3729 tunc
2530 3654 2685 3753 ejus
2711 3664 2886 3745 erat,
2914 3655 3369 3758 promulgare
3395 3659 3602 3733 ausus

702 3776 983 3863 fuiffet3
1018 3774 1234 3876 idque
1269 3775 1540 3874 optima
1572 3774 1870 3860 ratione,
1907 3800 2070 3849 cum
2123 3785 2196 3848 et
2233 3773 2745 3850 Formanorum
2788 3776 3061 3852 familia
3112 3777 3500 3878 antiquitus
3536 3778 3607 3853 in

704 3896 954 3974 Humii
991 3896 1322 3972 clientela
1355 3894 1612 3981 suiffet,
1648 3909 1721 3970 et
1754 3895 2020 3970 recenti
2050 3894 2397 3970 beneficio
2432 3894 2501 3970 ei
2535 3895 2911 3972 devinctus
2942 3896 3351 3974 Alexander
3390 3897 3605 3974 Cold-

702 4018 1084 4121 inghamiae
1119 4015 1527 4093 coenobium
1571 4015 1768 4091 fratri
1808 4015 2070 4092 Davidi
2131 4015 2533 4116 accepiffet.
2640 4015 2738 4092 Et
2790 4041 2902 4093 res
2954 4017 3125 4094 efl'et
3174 4017 3468 4094 honesta
3519 4045 3605 4094 ac

705 4138 1112 4242 aequiffima,
1146 4150 1388 4212 tamen
1437 4137 1728 4212 immani
1765 4137 2090 4237 superbia
2134 4137 2260 4223 vir,
2316 4138 2428 4213 fas
2478 4139 2841 4238 nefasque,
2880 4137 3075 4239 quod
3125 4139 3281 4240 ejus
3331 4138 3605 4216 libidini

705 4260 1208 4346 adversaretur,
1233 4258 1442 4360 juxta
1465 4255 1760 4348 habena,
1790 4258 2081 4333 exitium
2109 4258 2201 4343 ei,
2223 4257 2363 4334 hac
2386 4259 2697 4334 maxime
2723 4258 2977 4335 fraude
3004 4258 3195 4360 apud
3228 4284 3605 4361 protegem

699 4381 1147 4457 machinatus
1183 4380 1308 4455 est.
1415 4378 1528 4454 Ita
1559 4378 1781 4454 fertur
1815 4391 1890 4454 et
1921 4378 2134 4454 fuerit
2170 4379 2507 4479 quidem:
2558 4379 2845 4456 suaserit
2886 4379 2959 4456 id
2996 4379 3373 4481 Hepbumi
3407 4382 3605 4457 mali·

670 4503 822 4600 tia,
860 4501 1055 4603 quod
1090 4498 1422 4602 persuafit
1459 4526 1503 4575 a
1536 4499 1856 4600 protegis
1888 4499 2128 4575 indole
2162 4500 2345 4591 fuit3
2383 4499 2540 4577 haec
2573 4499 2727 4600 ejus
2761 4500 3157 4601 prudentia,
3188 4501 3387 4590 fides,
3423 4503 3600 4580 inte-

699 4623 922 4726 gritas
955 4634 1028 4698 et
1063 4621 1477 4723 gratitud03
1516 4621 1670 4696 haec
1705 4620 1793 4711 ei,
1833 4620 1955 4721 qui
1990 4621 2214 4722 ipsum
2250 4620 2344 4695 ab
2378 4621 2591 4696 exilio
2642 4621 3038 4714 reduxerat,
3078 4647 3168 4698 ex
3222 4623 3451 4715 exule,
3490 4649 3605 4700 co·

700 4745 969 4831 mitem,
1005 4742 1286 4833 ducem,
1326 4743 1713 4843 principem
1748 4743 2040 4832 fecerat,
2073 4741 2164 4816 ad
2192 4741 2393 4842 regni
2422 4739 2740 4818 habenas
2768 4742 3203 4832 admoverat,
3229 4770 3365 4821 nec
3390 4745 3604 4848 longe

704 4891 748 4940 a
781 4863 983 4967 regni
1018 4867 1164 4964 spe,
1199 4863 1507 4939 secundo
1542 4875 1734 4938 certe
1769 4863 1952 4952 loco,
1983 4863 2480 4952 collocaverat,
2512 4862 2737 4939 relata
2760 4863 3017 4965 gratia.
3110 4866 3600 4956 Calumniarit,

707 4985 874 5077 estc,
919 4983 1431 5086 Hepbumius;
1483 4984 1853 5062 calumniis
1905 4984 2191 5061 facilem
2245 4985 2317 5060 se
2372 4983 2673 5085 praebuit
2732 4985 3058 5078 Albinus,
3116 5011 3481 5090 nunquam
3532 4987 3605 5063 id

3206 5132 3257 5183 D
