4575 6042
997 742 1094 816 36
1919 739 2060 818 DE
2117 737 2576 816 FAMILIA
2632 737 2992 818 HUMIA

1000 962 1287 1012 omnem
1323 961 1536 1037 opem
1569 936 1753 1027 tulit,
1795 934 2079 1010 excluso
2120 931 2431 1008 Patricio
2471 930 2896 1019 Blacadaro‚
2932 932 3056 1034 qui
3082 933 3207 1033 jus
3254 930 3381 1009 fibi
3416 933 3491 1008 in
3525 933 3597 1009 id
3634 957 3919 1036 arroga-

997 1069 1218 1133 verat.
1323 1055 1423 1132 Et
1475 1057 1631 1132 sunt
1668 1057 1788 1157 qui
1841 1054 2150 1132 scribunt
2204 1078 2371 1129 eum
2407 1079 2451 1128 a
2502 1053 2861 1152 pontifice,
2917 1053 3403 1131 consentiente
3459 1080 3784 1157 protege,
3828 1055 3919 1154 *id

998 1177 1422 1254 beneficium
1457 1175 1880 1262 obtinuiss'e3
1915 1200 2132 1276 quarn
2167 1200 2334 1249 vere
2368 1173 2649 1264 nesci03
2687 1198 2825 1248 nec
2857 1172 3047 1249 enim
3083 1199 3210 1274 per
3254 1187 3487 1250 totum
3521 1177 3917 1276 quinquen·

1001 1300 1198 1373 nium
1233 1323 1379 1399 quo
1415 1324 1460 1372 a
1494 1309 1772 1372 mortuo
1807 1297 2132 1398 patruele
2167 1297 2361 1386 vixit,
2402 1306 2527 1369 aut
2576 1294 2939 1394 pontificia
2991 1307 3115 1370 aut
3166 1295 3488 1397 protegis
3539 1297 3910 1397 potestate,

1003 1419 1076 1492 in
1111 1417 1592 1518 pofl'effionem
1627 1416 1690 1517 ej
1703 1443 1781 1492 us
1816 1415 2076 1491 venifl'e
2127 1415 2425 1506 constat,
2466 1427 2543 1490 ut
2594 1441 2729 1490 nec
2774 1415 3015 1490 venire
3064 1415 3361 1515 tentafl'e
3411 1416 3740 1518 legimus,
3777 1417 3915 1492 five

1001 1564 1246 1614 revera
1273 1539 1542 1614 nullum
1579 1541 1646 1614 ei
1673 1538 1795 1639 jus
1829 1539 2067 1624 fuerit,
2095 1535 2236 1613 sive
2261 1535 2359 1611 ob
2394 1535 2667 1611 nobiles
2695 1560 2858 1610 cum
2888 1534 3173 1611 Humiis
3200 1536 3623 1628 inimicitias,
3654 1538 3725 1611 in
3754 1563 3913 1613 eam

1006 1661 1370 1760 regionem
1426 1660 1668 1735 venire
1728 1659 1962 1734 minus
2018 1668 2252 1732 tutum
2299 1655 2663 1756 judicarit.
2774 1655 2961 1731 Cum
3014 1655 3269 1732 eodem
3335 1655 3719 1749 GulielmO,
3770 1685 3915 1759 quo

1009 1793 1327 1881 tempore
1367 1778 1726 1882 Angufius
1765 1780 2056 1855 Araniae
2091 1779 2449 1866 comitem,
2488 1777 2781 1878 ejusque
2816 1777 3152 1852 factionis
3193 1788 3487 1854 caeteros
3524 1776 3762 1853 Edino
3797 1804 3913 1854 ex-

1003 1902 1205 2003 pulit,
1241 1901 1334 1977 ad
1368 1916 1612 2001 portas
1647 1899 1840 1976 urbis
1874 1897 2135 1974 venifl'e
2171 1897 2555 1988 Davidem,
2596 1897 3029 1998 oditingentis
3064 1896 3423 1998 equitibus
3474 1899 3910 1984 comitatum,

1003 2022 1345 2098 testantur
1377 2021 1708 2106 historici,
1745 2033 1818 2094 et
1851 2019 2175 2094 molitum
2230 2019 2519 2120 quidem
2578 2029 2818 2119 portas
2871 2029 3178 2108 narrant,
3229 2017 3350 2093 sed
3400 2019 3736 2095 confefita
3759 2020 3913 2120 jam

1002 2167 1250 2244 pugna
1284 2153 1358 2216 et
1390 2155 1596 2242 parta
1631 2141 1722 2216 ab
1763 2139 2088 2242 Angufio
2122 2139 2446 2226 victoria,
2502 2165 2689 2214 anno
2731 2164 2971 2229 unxx,
3011 2137 3237 2239 pridie
3278 2137 3439 2214 Cal.
3479 2139 3685 2215 Maii.
3790 2141 3913 2216 Vi-

1002 2261 1240 2349 ciffim,
1278 2275 1353 2336 et
1389 2259 1893 2362 Duglafiorum
1929 2285 2068 2361 ope
2105 2260 2333 2334 fretus
2368 2260 2492 2345 est,
2529 2284 2717 2345 cum,
2756 2259 3135 2335 undecimo
3175 2259 3337 2336 Cal.
3379 2259 3709 2361 Augusti,
3749 2287 3912 2337 con·-

1005 2382 1552 2483 sanguineorum
1591 2379 1980 2456 Alexandri
2005 2391 2078 2456 et
2109 2380 2449 2456 Gulielmi
2478 2382 2715 2480 capita
2752 2393 2952 2482 parte
2977 2380 3167 2457 urbis
3194 2382 3539 2474 detraaefita,
3577 2394 3652 2458 et
3677 2385 3913 2484 palam

1003 2503 1388 2583 honorifice
1416 2500 1842 2602 sepelienda,
1881 2525 2046 2576 cum
2077 2500 2398 2602 Georgio
2432 2527 2677 2577 eorum
2706 2503 2923 2578 fratre
2958 2503 3253 2578 curavit.
3356 2502 3701 2579 Nondum
3735 2505 3913 2581 redi·

1009 2637 1163 2700 erat
1197 2649 1240 2699 e
1279 2622 1521 2698 Gallia
1554 2647 1827 2722 prorex,
1867 2635 1940 2698 et
1973 2621 2132 2723 quis
2167 2647 2311 2697 non
2364 2622 2607 2697 credat
2642 2623 2900 2697 iratum
2938 2622 3201 2699 Davidi
3256 2622 3645 2700 rediturum
3688 2626 3910 2716 fuisse,

1009 2743 1105 2819 ob
1139 2755 1266 2833 tot,
1306 2769 1470 2845 quae
1523 2743 1708 2819 illius
1760 2744 2264 2819 au6toritatem
2314 2743 2730 2819 imminuere
2779 2743 3223 2830 videbantur,
3277 2745 3618 2837 facinora,
3658 2737 3913 2822 caesuin

1011 2865 1376 2955 Bautium,
1420 2863 1916 2954 Blacadarum,
1946 2874 2270 2963 receptas
2299 2863 2371 2938 in
2401 2862 2679 2940 Mercia
2706 2889 2929 2950 arceS,
2954 2865 3314 2940 exclusum
3346 2865 3914 2968 Coldinghamiae

1013 2985 1364 3075 coenobi0,
1404 2984 1748 3086 fiquidem
1783 3009 2026 3060 verum
2062 2984 2371 3059 scribunt
2421 2982 2749 3076 historici,
2789 2983 3000 3084 ipfius
3036 2984 3463 3062 aufitoritate
3498 2987 3742 3064 nixum
3779 2988 3913 3064 Pa-

1012 3107 1313 3193 tricium,
1349 3118 1444 3196 et,
1483 3105 1678 3208 quod
1733 3107 1805 3180 in
1841 3129 2077 3180 arcem
2128 3106 2359 3180 causae
2411 3104 2745 3181 invadere
2796 3105 3187 3196 videbatur,
3244 3107 3575 3182 detracta
3623 3110 3917 3184 fratrum

1014 3227 1442 3304 Humiorum
1477 3226 1734 3327 capita,
1774 3249 1862 3300 ac
1895 3225 2178 3326 publice
2213 3238 2559 3325 tanquam
2584 3226 3031 3301 innoxiorum
3064 3225 3386 3318 virorum,
3426 3239 3501 3303 et
3533 3229 3912 3306 honorifice

1007 3349 1324 3450 sepulta!
1412 3347 1682 3423 Verum
1715 3345 1888 3420 nihil
1923 3347 2209 3446 gravius
2236 3345 2307 3420 in
2343 3345 2541 3420 illum
2576 3349 2869 3447 usquam
2904 3346 3165 3437 statuit,
3197 3359 3270 3421 et
3304 3348 3538 3424 statim
3568 3365 3645 3425 ut
3680 3352 3909 3437 rediit,

1013 3494 1202 3544 anno
1237 3493 1542 3556 Mnxmr,
1582 3464 1739 3540 caefi
1778 3465 2018 3541 Bautii
2055 3465 2339 3540 veniam
2388 3464 2581 3540 haud
2636 3478 2931 3567 gravate
2983 3466 3331 3558 conceffit,
3373 3480 3446 3544 et
3494 3472 3912 3547 nominatim

1011 3588 1370 3674 fratribus,
1410 3586 1744 3671 Patricio,
1780 3585 2084 3676 Joanne‚
2144 3586 2579 3677 Alexandro,
2638 3613 2726 3663 ac
2780 3587 3127 3689 Magistro
3163 3587 3422 3664 Joanni
3478 3602 3756 3690 patruo,
3793 3593 3911 3668 ubi

1011 3711 1247 3786 mirari
1302 3707 1486 3783 subit
1545 3706 1666 3808 qui
1718 3707 1864 3795 fiat,
1904 3717 1982 3780 ut
2019 3706 2367 3782 Patricius
2422 3719 2589 3782 ante
2644 3707 3131 3784 Alexandrum
3188 3721 3263 3784 et
3316 3709 3697 3799 Joannem,
3752 3739 3913 3790 cum

1014 3845 1316 3932 utroque
1343 3841 1514 3905 natu
1541 3828 1768 3903 minor
1795 3827 1984 3918 esset,
2017 3826 2281 3928 ubique
2308 3829 2753 3915 nominetur;
2786 3830 2971 3903 forte
2997 3830 3227 3904 suerat
3262 3832 3635 3930 percussor.
3730 3834 3915 3910 Sub-

1014 3967 1166 4030 erat
1199 3951 1546 4053 proregiae
1579 3948 1964 4034 facilitatis,
2001 3961 2253 4048 praeter
2285 3948 2525 4024 literas
2560 3974 2741 4049 quas
2794 3948 3099 4025 diximus
3134 3976 3177 4026 a
3231 3949 3495 4027 Bautio
3532 3954 3623 4028 ad
3675 3956 3914 4030 aulam

1024 4074 1380 4151 Gallicam
1417 4069 1675 4156 miffaS,
1711 4069 1928 4145 etiam
1979 4067 2134 4144 haec
2183 4070 2421 4155 causa,
2456 4070 2649 4170 quod
2706 4095 2870 4144 cum
2908 4069 3144 4145 David
3200 4071 3371 4148 effet
3420 4085 3638 4149 tantae
3688 4075 3757 4150 in
3797 4075 3916 4151 illa

1013 4197 1314 4271 limitum
1367 4205 1568 4294 parte
1603 4190 2069 4281 aut‘itoritatis,
2109 4189 2353 4266 utilem
2389 4189 2513 4265 fibi
2550 4191 2705 4292 ejus
2738 4216 3026 4292 operam
3064 4193 3217 4269 sore
3252 4195 3747 4294 prospiciebat,
3782 4223 3915 4272 nec

1015 4319 1314 4393 multum
1350 4315 1615 4415 absque
1669 4338 1757 4388 eo
1807 4312 1961 4414 geri
2012 4309 2226 4411 pofl'e,
2265 4335 2402 4386 nec
2455 4310 2813 4412 expedire,
2866 4313 2989 4388 tali
3046 4325 3388 4414 tempore,
3440 4318 3655 4392 talem
3691 4318 3914 4392 virum

1016 4437 1373 4513 offendere
1409 4446 1533 4510 aut
1567 4435 1900 4522 alienare,
1940 4443 2014 4507 et
2060 4430 2154 4507 ad
2202 4431 2437 4507 hostes
2490 4432 2804 4534 abigere,
2844 4459 3007 4509 cum
3043 4434 3114 4508 in
3155 4435 3493 4535 Angliam
3529 4439 3911 4513 exercitum

1015 4558 1358 4634 ducturus
1390 4555 1604 4643 effet3
1639 4580 1774 4630 nec
1808 4553 1948 4644 ille,
1986 4563 2066 4627 ut
2099 4564 2250 4628 erat
2283 4553 2387 4628 vir
2419 4553 2759 4653 imprimis
2793 4553 2993 4630 fortis
3026 4581 3113 4630 ac
3148 4556 3488 4644 militaris,
3517 4584 3603 4634 ac
3637 4583 3915 4659 promp-

1017 4679 1264 4755 tiffime
1301 4677 1393 4753 ad
1429 4703 1540 4752 res
1574 4701 1699 4778 pro
1736 4674 1966 4776 patria
1992 4687 2066 4748 et
2100 4684 2349 4750 contra
2385 4673 2664 4775 Anglos
2699 4675 3160 4775 capessendas
3188 4677 3448 4769 animo,
3486 4679 3679 4778 spem
3712 4679 3912 4755 fefel-

1015 4802 1120 4876 lit.
1225 4797 1420 4874 Nam
1456 4799 1525 4872 in
1563 4823 1654 4873 ea
1705 4794 2155 4896 expeditione
2205 4795 2277 4870 in
2320 4821 2465 4897 qua
2516 4795 2607 4871 ad
2647 4794 2899 4871 Vercae
2950 4795 3410 4884 obsidionem,
3460 4799 3915 4876 renuentibus

1018 4919 1426 5024 proceribus
1460 4919 1722 4994 flumen
1777 4915 2081 5009 transire,
2120 4941 2373 5019 prorex
2408 4917 2509 4993 cis
2559 4941 2841 4993 amnem
2888 4918 3183 5008 sederet,
3222 4917 3339 4995 ille
3392 4945 3551 4996 cum
3587 4921 3727 4998 suis
3777 4935 3915 4996 tra·
