4575 6042
1652 780 2710 859 WEDDERBURNENSI.
3530 787 3625 855 55

709 991 1118 1067 leviffimam
1162 994 1448 1068 causam
1503 993 1726 1084 daret,
1774 994 2052 1070 cavifl'e.
2160 994 2322 1070 Miti
2361 995 2479 1071 illa
2516 995 2805 1096 ingenio
2842 1006 2913 1070 et
2948 993 3088 1067 leni
3126 993 3315 1093 apud
3351 1018 3617 1083 omneS‚

707 1125 782 1186 et
817 1139 1036 1213 quam
1068 1140 1209 1190 non
1245 1115 1457 1190 facile
1492 1115 1886 1191 offenderes
1919 1143 1939 1206 3
1980 1115 2284 1203 offensae,
2320 1116 2371 1191 fi
2405 1114 2817 1202 obvenisset,
2855 1114 3193 1202 tenacior,
3234 1139 3376 1188 non
3410 1114 3621 1188 facile

709 1234 1141 1310 remittebat.
1249 1235 1585 1322 Quidam,
1626 1247 1700 1308 ut
1735 1235 1921 1311 hanc
1956 1237 2111 1335 ejus
2146 1238 2634 1336 erogationem
2670 1237 2739 1311 in
2770 1261 3121 1336 pauperes
3145 1236 3439 1322 laxaret,
3468 1235 3622 1310 sub·-

709 1354 890 1429 misit
923 1354 1283 1434 hominem
1316 1357 1482 1431 satis
1517 1356 1831 1442 divitem,
1860 1357 1980 1457 qui
2012 1382 2397 1457 pauperem
2426 1358 2494 1432 se
2522 1357 2898 1447 simularet,
2931 1356 3135 1456 cujus
3160 1356 3282 1431 illa
3315 1356 3619 1442 miserta,

709 1476 980 1576 aliquot
1032 1477 1240 1551 tritici
1295 1477 1571 1552 modios
1621 1478 1688 1552 ei
1741 1477 1981 1564 dedit3
2035 1478 2343 1552 eundem
2395 1479 2648 1552 iterum
2700 1477 3028 1567 submisit,
3069 1479 3467 1577 iterumque
3502 1478 3622 1552 illa

709 1598 1132 1672 tantundem
1166 1598 1426 1698 largita
1461 1597 1585 1672 est.
1693 1598 1964 1673 Verum
2001 1624 2164 1674 cum
2199 1601 2407 1674 tertio
2439 1599 2718 1691 rediret,
2751 1599 2887 1675 five
2918 1599 3205 1674 aliunde
3234 1598 3622 1685 admonita,

713 1716 877 1804 five,
911 1720 1035 1793 suo
1071 1720 1318 1818 sponte
1368 1719 1616 1819 agnito
1651 1717 1960 1808 homine,
2008 1718 2250 1794 dolum
2285 1719 2531 1807 senfit3
2587 1721 2776 1795 unde
2813 1720 2963 1822 ipsi,
2999 1733 3072 1796 et
3106 1720 3229 1821 qui
3266 1745 3429 1795 eum
3465 1719 3625 1795 sub-

709 1852 1014 1928 ornarat,
1073 1839 1318 1915 haberi
1371 1840 1568 1914 suam
1617 1839 2117 1916 liberalitatem
2170 1842 2270 1915 ita
2321 1841 2625 1916 ludibrio
2678 1843 2881 1932 irata,
2936 1867 3303 1943 nunquam
3355 1842 3621 1942 placari

710 1960 952 2050 voluit,
985 1973 1108 2036 aut
1133 1961 1590 2050 reconciliari,
1622 1986 1860 2062 neque
1888 1987 2132 2037 eorum
2169 1987 2579 2063 quenquem
2615 1963 2687 2037 in
2726 1964 3187 2064 conspefitum
3224 1962 3617 2038 admittere.

718 2081 1049 2182 Longum
1085 2082 1256 2157 effet
1291 2083 1531 2157 omnia
1562 2082 2025 2172 liberalitatis,
2068 2108 2153 2157 ac
2189 2083 2681 2159 misericordiae
2716 2085 2971 2173 officia,
3012 2097 3085 2158 et
3130 2109 3264 2158 nec
3306 2083 3620 2184 poffibile

711 2203 999 2303 quidem
1050 2201 1466 2289 describere,
1519 2229 1681 2302 quae
1735 2204 1970 2279 adhuc
2023 2203 2217 2303 vulgi
2279 2229 2401 2280 ore
2457 2216 2803 2280 teruntur.
2912 2205 3331 2280 Amicorum
3390 2205 3623 2279 mariti

709 2349 894 2423 pene
930 2349 1146 2425 quam
1183 2325 1462 2399 suorum
1491 2325 1861 2410 amantior,
1889 2324 2161 2425 illisque
2187 2325 2415 2400 rursus
2442 2349 2585 2399 non
2613 2327 2843 2400 minus
2872 2338 3110 2400 amata
3138 2351 3224 2400 ac
3249 2326 3619 2400 honorata.

715 2443 1100 2521 Neminem
1137 2471 1276 2546 ego
1313 2471 1628 2544 unquam
1665 2445 1753 2521 de
1789 2471 1878 2520 ea
1909 2446 2324 2546 loquentem
2362 2446 2627 2532 audivi,
2665 2448 2787 2547 qui
2823 2473 2963 2521 non
3000 2448 3343 2521 summam
3380 2447 3445 2521 ei
3472 2446 3623 2521 lau·-

711 2566 898 2656 dem,
939 2566 1145 2666 supra
1179 2577 1532 2666 quotquot
1567 2578 1862 2641 noverat
1893 2567 2250 2653 foeminas,
2304 2567 2651 2642 dederint.
2763 2566 3001 2643 Unam
3055 2567 3266 2667 ipfius
3317 2567 3621 2643 sororem

711 2698 884 2760 natu
935 2687 1319 2761 maximam
1370 2687 1659 2761 memini
1711 2686 1972 2771 dicere,
2026 2687 2228 2761 fuifl'e
2276 2687 2490 2761 aliam
2527 2687 2775 2762 harum
2813 2689 3140 2774 sororem,
3177 2687 3415 2763 indole
3450 2687 3622 2762 nibil

711 2807 1158 2893 inferiorem3
1208 2831 1452 2882 verum
1487 2807 1879 2882 tenuiorem
1918 2807 1986 2880 in
2027 2807 2339 2896 domum,
2382 2819 2454 2882 et
2489 2808 2721 2883 minus
2748 2809 3177 2908 locupletem
3205 2833 3368 2883 cum
3402 2808 3621 2882 venis-

713 2931 834 3018 set,
874 2953 1017 3002 non
1051 2927 1254 3003 fuiffe
1286 2927 1625 3002 bonitatis
1660 2940 1731 3002 et
1765 2927 2211 3003 liberalitatis
2249 2928 2665 3004 exercendae
2708 2930 3009 3028 copiam,
3064 2929 3299 3003 animo
3354 2953 3621 3029 parem,

711 3076 846 3125 nec
895 3063 1044 3124 tam
1097 3048 1430 3124 illustrem
1480 3075 1564 3124 ac
1618 3050 2096 3150 conspicuam,
2141 3076 2361 3150 quam
2414 3051 2709 3136 exeruit,
2758 3063 2836 3124 ut
2884 3049 3282 3125 obscuriore
3328 3051 3398 3125 in
3433 3051 3619 3126 loce.

717 3169 934 3271 Frugi
969 3183 1210 3245 tamen
1247 3182 1321 3244 et
1356 3169 1664 3271 prudens
1699 3195 1848 3245 rem
1885 3171 2103 3256 auxit,
2141 3190 2215 3246 et
2251 3170 2344 3245 ad
2379 3171 2512 3245 tria
2564 3195 2962 3246 marcarum
3015 3171 3235 3245 millia
3289 3173 3482 3270 (erat
3534 3195 3623 3246 ea

709 3293 904 3367 haud
930 3293 1194 3392 exigua
1229 3305 1382 3366 tum
1405 3289 1712 3389 summa)
1742 3291 1988 3392 paucis
2014 3292 2084 3365 in
2110 3293 2313 3367 annis
2342 3293 2515 3392 (nec
2542 3293 2731 3367 enim
2758 3293 2962 3392 supra
2988 3291 3385 3368 duodecem
3408 3291 3619 3390 vixit)

711 3414 864 3488 auri
899 3413 1202 3513 reliquit,
1244 3426 1315 3487 et
1351 3411 1683 3487 dotandae
1717 3413 1879 3487 filiae
1917 3411 2309 3502 destinavit,
2348 3413 2543 3513 quod
2579 3424 2651 3487 et
2693 3413 2966 3487 factum
3014 3413 3139 3488 est.
3248 3413 3462 3489 Circa
3512 3439 3623 3489 res

711 3534 1136 3610 domesticas
1188 3533 1450 3622 sedula,
1507 3547 1580 3608 et
1615 3535 1687 3607 in
1721 3533 1994 3608 familia
2031 3533 2421 3633 splendida,
2458 3547 2530 3608 et
2569 3533 2657 3608 ad
2688 3534 2918 3608 mariti
2955 3535 3320 3636 ingenium
3370 3535 3620 3636 larga;

712 3656 783 3730 in
844 3656 1042 3730 cultu
1100 3655 1494 3740 moderata,
1565 3666 1643 3728 ut
1698 3679 1843 3753 quo
1911 3655 2174 3729 circum
2235 3656 2526 3754 negotia
2595 3655 2978 3741 curfitaret,
3029 3681 3173 3731 non
3229 3656 3320 3730 ad
3378 3657 3622 3731 luxum

713 3788 1078 3867 uteretur3
1135 3776 1256 3876 pia
1307 3775 1522 3850 etiam
1577 3800 1664 3849 ac
1720 3775 1862 3849 Dei
1910 3777 2161 3850 timore
2223 3774 2520 3860 imbuta,
2575 3776 2666 3850 ad
2727 3801 2941 3876 quem
3001 3788 3075 3851 et
3123 3776 3385 3853 liberos
3435 3777 3623 3852 insti-

714 3897 1006 3984 tuebat3
1057 3896 1368 3997 denique
1417 3896 1606 3970 omni
1661 3895 1875 3970 modo
1924 3894 2171 3995 proba.
2283 3896 2392 3970 Sit
2446 3896 2597 3971 haec
2643 3897 2914 3971 summa
2962 3896 3155 3997 quod
3190 3899 3444 3974 virtute
3499 3899 3625 3975 ob·

711 4018 1024 4103 tinuerit,
1084 4029 1164 4092 ut
1222 4017 1438 4116 vulgo
1494 4017 1586 4091 ab
1641 4015 1968 4091 omnibus
2043 4015 2246 4090 Bona
2310 4018 2698 4116 usurpetur,
2766 4043 2955 4093 nunc
3010 4043 3298 4119 quoque
3352 4019 3442 4094 ab
3511 4021 3619 4106 iis,

713 4139 837 4238 qui
873 4139 1028 4238 ejus
1062 4139 1194 4213 aevi
1227 4136 1544 4237 aequales
1590 4137 1972 4236 supersunt,
2015 4135 2203 4212 bona
2245 4135 2795 4212 Wedderburnii
2831 4137 3119 4212 domina
3171 4139 3616 4239 appelletur;

714 4285 1127 4360 quanquam
1179 4259 1462 4333 fuerant
1515 4268 1587 4332 et
1641 4270 1806 4332 ante
1859 4268 1931 4332 et
1991 4257 2146 4358 post
2191 4259 2453 4333 nemini
2512 4258 2895 4333 inferiores,
3026 4258 3225 4334 Obiit
3277 4285 3363 4334 ex
3416 4285 3619 4360 puer·

713 4381 936 4481 peric,
977 4379 1226 4456 famuli
1263 4378 1446 4478 pede
1498 4378 1686 4453 latus
1733 4378 1881 4453 ieta
1930 4379 2248 4476 (Simoni
2314 4378 2732 4453 Hamiltono
2798 4403 3057 4454 nomen
3108 4390 3260 4454 erat
3305 4381 3616 4480 famulo)

715 4501 838 4601 qui
890 4501 1060 4575 dum
1111 4501 1183 4574 in
1234 4498 1486 4574 horreo
1535 4525 1698 4573 cum
1737 4499 1993 4574 ancilla
2029 4499 2480 4586 colluctatur,
2518 4499 2923 4575 admonitus
2958 4498 3320 4574 dominam
3358 4502 3615 4589 adeffe,

715 4647 850 4697 nec
882 4635 1030 4697 tam
1067 4605 1538 4722 propinquam
1564 4633 1781 4709 ratuS,
1813 4620 1980 4694 dum
2009 4645 2096 4693 ex
2124 4619 2462 4721 congesto
2490 4622 2775 4721 frugum
2804 4645 3055 4696 acervo
3081 4620 3327 4712 defilit,
3360 4624 3618 4722 pedem

716 4745 788 4817 in
821 4744 1008 4818 latus
1042 4742 1365 4842 impegit.
1475 4740 1651 4816 Inde
1688 4741 1999 4831 abortuS,
2039 4765 2204 4816 mox
2239 4766 2427 4816 mors
2465 4743 2724 4832 secuta,
2766 4744 3033 4816 summa
3068 4744 3384 4817 omnium
3429 4770 3617 4820 com-

715 4863 1185 4940 miseratione.
1295 4859 1508 4938 Hanc
1543 4887 1668 4962 per
1703 4863 1772 4936 se
1809 4862 2241 4962 praeclaram,
2283 4862 2725 4938 illustriorem
2758 4863 3086 4950 reddidit,
3123 4889 3338 4964 quam
3375 4890 3462 4940 ea
3496 4866 3615 4940 de-
