4575 6042
1635 788 2704 870 WEDDERBURNENSI.
3510 801 3605 880 77

687 1005 970 1080 causam
1008 1005 1298 1105 agebat,
1335 1020 1458 1080 aut
1495 1030 1710 1106 agere
1746 1031 1890 1106 prae
1927 1008 1997 1083 se
2033 1007 2335 1083 serebat.
2440 1008 2711 1085 Verum
2754 1007 3136 1110 Georgius,
3174 1010 3317 1110 qui,
3357 1010 3597 1108 legum

684 1152 972 1226 gnarus,
1020 1125 1502 1227 poffeffionem
1539 1128 1702 1227 jure
1744 1128 1995 1202 fultam
2038 1127 2303 1203 babere
2350 1129 2421 1202 se
2468 1130 2756 1218 sciebat,
2808 1129 3046 1204 literas
3083 1141 3153 1204 et
3188 1129 3601 1204 mandatum

687 1245 1175 1346 suspendebat,
1217 1258 1288 1320 et
1347 1248 1701 1348 sequestro
1759 1247 2310 1348 insuperhabito,
2363 1249 2677 1324 decimas
2724 1250 2871 1350 ipse
2919 1249 3328 1352 colligebat.
3437 1250 3603 1325 Hoc

687 1391 848 1440 cum
884 1369 1135 1467 saepius
1168 1367 1576 1442 factitatum
1613 1368 1807 1453 effet,
1843 1393 1970 1468 per
2007 1369 2315 1444 eundem
2353 1370 2779 1461 Johanuem,
2835 1383 3246 1446 venatorem
3301 1372 3596 1462 dietum,

685 1515 728 1563 a
763 1513 935 1588 rege
971 1489 1446 1588 impetratum,
1487 1501 1566 1563 ut
1601 1489 1692 1574 ei,
1729 1489 1850 1588 qui
1885 1488 2164 1564 libellos
2198 1489 2525 1564 leetitare
2560 1502 2633 1565 et
2669 1491 3095 1567 subscribere
3133 1490 3424 1580 solebat,
3466 1491 3600 1591 pri-

687 1609 869 1683 vatis
903 1609 1121 1684 literis
1156 1608 1715 1694 interdiceretur,
1751 1633 1842 1683 ne
1880 1609 2000 1683 ulli
2035 1609 2277 1683 libello
2320 1610 2641 1711 Georgii,
2689 1637 2778 1686 ea
2811 1613 2902 1686 de
2945 1639 3045 1696 re,
3094 1610 3597 1702 subscriberet3

683 1731 898 1804 etiam
934 1755 1154 1829 penes
1189 1754 1402 1830 quem
1436 1727 1757 1830 fignandi
1787 1731 1905 1830 jus
1934 1743 2106 1820 erat,
2137 1755 2230 1805 ne
2255 1730 2496 1806 literas
2523 1732 3006 1830 hujuscemodi
3035 1732 3364 1833 fignaret.
3459 1733 3598 1808 Ita·

684 1877 824 1952 que
861 1877 1048 1936 cum,
1074 1849 1325 1950 justitii
1363 1850 1794 1925 autumnalis
1829 1863 2171 1950 tempore,
2208 1851 2525 1926 libellum
2562 1852 2841 1928 duobus
2889 1879 2930 1928 e
2983 1854 3598 1952 quindecemviriS,

683 1973 784 2045 uti
822 1996 974 2046 mos
1001 1971 1122 2062 est,
1149 1971 1610 2071 subscriptum
1639 1972 2088 2071 impetrasset,
2121 1985 2198 2047 ut
2224 1972 2447 2046 literae
2474 1973 2743 2064 fierent,
2776 1999 2941 2073 quae
2974 1975 3597 2075 sequestrationem

679 2093 887 2182 hanc,
915 2104 1258 2193 tanquam
1285 2093 1627 2192 iniquam,
1655 2092 2174 2191 suspenderent,
2204 2102 2282 2165 ut
2307 2093 2715 2194 loquuntur,
2747 2094 3007 2194 illeque
3030 2097 3143 2169 cui
3173 2094 3598 2172 subscribere

672 2214 790 2313 jus
828 2225 1000 2303 erat,
1042 2212 1472 2288 subscribere
1507 2213 1902 2303 recusafl'et,
1943 2213 2133 2288 satus
2169 2214 2239 2287 se
2277 2239 2325 2286 a
2354 2239 2527 2313 rege
2562 2214 2884 2300 vetitum,
2926 2214 3306 2316 Georgius,
3354 2217 3597 2291 instru-

677 2349 918 2410 mento
954 2335 1240 2435 publico
1277 2335 1368 2409 de
1403 2334 1846 2410 recusatione
1881 2334 2092 2434 ipfius
2128 2347 2451 2433 accept0,
2494 2360 2679 2426 eum,
2723 2337 2925 2436 cujus
2971 2335 3290 2437 signandi
3341 2362 3598 2414 munus

678 2467 851 2541 erat,
890 2455 1083 2548 adit3
1124 2481 1430 2556 cumque
1465 2456 1582 2529 ille
1620 2455 1864 2529 itidem
1904 2457 2256 2530 recusaret
2295 2466 2369 2529 et
2404 2454 2593 2529 idem
2622 2458 3049 2547 causaretur,
3084 2457 3174 2531 de
3202 2457 3387 2533 illius
3422 2485 3597 2559 quo·

677 2604 818 2680 que
854 2579 1296 2654 recusatione
1330 2577 1791 2653 instrumento
1821 2577 2121 2676 sumpt0,
2157 2576 2379 2650 literis
2407 2576 2862 2652 nihilominus
2890 2590 3235 2678 tanquam
3261 2579 3597 2681 legitimis

677 2701 892 2775 utitur
924 2728 944 2790 3
1003 2713 1075 2774 et
1111 2699 1541 2800 sequestrum
1581 2699 1962 2798 quicquam
2003 2722 2092 2771 ex
2128 2697 2361 2771 officio
2399 2723 2640 2798 agere,
2682 2723 2926 2772 earum
2962 2699 3028 2773 vi
3066 2710 3139 2773 et
3172 2700 3451 2788 virtute,
3480 2727 3596 2777 ve-

677 2834 802 2910 tat,
844 2821 1156 2920 ipseque,
1196 2846 1282 2895 eo
1327 2819 1644 2920 depulso,
1702 2818 2015 2893 decimas
2069 2817 2365 2918 colligit.
2474 2818 2953 2894 Memorabile
3004 2821 3140 2894 hoc
3192 2821 3469 2897 factum
3523 2835 3597 2897 et

675 2942 870 3016 nullo
909 2953 1074 3016 ante
1111 2940 1462 3040 exemplo,
1503 2964 1666 3014 cum
1703 2941 1772 3012 in
1798 2939 1920 3038 jus
1957 2938 2349 3013 adductum
2388 2939 2581 3030 effet‚
2622 2941 2723 3014 ita
2760 2967 2803 3014 a
2840 2943 3083 3016 senatu
3110 2941 3434 3040 judicum
3471 2969 3595 3044 ap-

677 3063 1053 3162 probatum
1091 3062 1213 3149 est,
1256 3073 1351 3150 ut,
1383 3085 1536 3142 ‚uno
1572 3085 1716 3147 ore,
1755 3059 2021 3177 nullam
2057 3061 2128 3134 se
2165 3085 2483 3159 unquam
2519 3059 3036 3160 suspenfionem
3078 3061 3461 3152 meliorem,
3522 3076 3593 3138 et

675 3183 962 3258 meliore
989 3183 1173 3282 jure,
1214 3197 1338 3256 aut
1374 3181 1512 3281 maj
1526 3206 1606 3255 us
1641 3182 1771 3255 rite
1806 3182 2100 3271 factam,
2141 3182 2387 3256 sanfflae
2425 3181 2849 3282 dejerarent.
2957 3181 3149 3256 Toto
3188 3195 3591 3258 controver-

674 3305 789 3379 fiae
822 3303 1034 3404 hujus
1072 3315 1410 3404 tempore,
1451 3327 1615 3376 cum
1651 3302 2024 3377 adversarii
2062 3303 2315 3402 saepius
2352 3303 2422 3376 se
2458 3304 2527 3377 in
2566 3303 2777 3376 armis
2812 3302 3262 3393 ostentarent,
3320 3329 3409 3378 ea
3443 3328 3593 3378 mo-

677 3425 1044 3501 deratione
1095 3425 1256 3498 usus
1309 3424 1431 3512 est,
1491 3423 1814 3523 quamvis
1867 3448 2159 3497 numero
2212 3435 2280 3497 et
2336 3423 2599 3497 viribus
2653 3423 2962 3523 superior
2996 3423 3207 3498 facile
3244 3450 3368 3499 eos
3403 3425 3589 3500 male

675 3527 975 3621 multare
1013 3544 1366 3646 potuisset,
1405 3555 1482 3618 ut
1517 3545 1873 3618 neminem
1908 3544 2020 3618 vel
2055 3543 2256 3618 fafito
2294 3543 2591 3638 pulsare,
2632 3544 2743 3618 vel
2779 3542 2977 3618 dicto
3028 3545 3290 3618 violare
3337 3547 3592 3645 permi-

676 3669 876 3758 serit3
923 3666 1117 3768 quod
1148 3666 1282 3741 illis
1309 3665 1596 3766 quidem
1627 3665 2002 3740 audaciam
2039 3666 2257 3754 auxit,
2298 3665 2870 3740 malevolentiam
2908 3690 3052 3739 non
3088 3666 3365 3741 minuit.
3456 3666 3591 3742 Fa-

675 3789 937 3864 vebant
973 3813 1132 3863 eam
1171 3787 1368 3862 taciti
1406 3785 1955 3861 Manderstonus
1991 3797 2063 3860 et
2105 3784 2666 3872 Coldincnolius,
2702 3811 2946 3860 verum
2998 3786 3194 3860 taciti
3244 3788 3592 3887 nusquam

678 3912 746 3985 se
773 3910 908 3984 illis
934 3910 1366 4009 jungentes;
1421 3907 1635 3982 semel
1678 3906 2238 3996 ColdincnoliuS,
2280 3905 2626 3992 collectiS,
2663 3931 2845 4006 quas
2876 3917 3182 4006 poterat,
3220 3908 3587 3999 clientelis,

675 4031 746 4104 in
800 4032 931 4105 iter
986 4031 1056 4103 se
1109 4028 1349 4114 dedit;
1400 4054 1644 4103 verum
1695 4027 2061 4103 intellecto
2104 4026 2503 4127 Georgium
2550 4027 2619 4100 in
2659 4028 2928 4127 campis
2964 4026 3123 4118 effe,
3164 4053 3427 4128 gnarus
3462 4030 3589 4104 im-

674 4176 918 4250 parem
955 4151 1026 4224 se
1062 4148 1610 4250 congressurum,
1647 4147 1937 4222 domum
1974 4148 2285 4222 reversus
2321 4148 2447 4222 est.
2556 4147 2911 4234 Tandem,
2964 4159 3043 4221 ut
3084 4173 3225 4222 non
3271 4161 3415 4223 tam
3451 4149 3588 4223 illis

674 4297 891 4371 quam
927 4270 1079 4369 regi
1114 4271 1185 4343 se
1220 4268 1629 4370 opponendi
1663 4269 1876 4342 finem
1911 4269 2204 4354 faceret,
2240 4269 2503 4362 veritus
2536 4292 2627 4342 ne
2657 4267 3041 4369 aliquando
3078 4293 3239 4343 eum
3277 4268 3587 4344 offende-

674 4403 806 4477 ret,
844 4403 916 4465 et
952 4389 1431 4466 calumniandi
1469 4390 1710 4464 ansam
1746 4388 2046 4462 inimicis
2081 4386 2519 4487 praecideret,
2556 4413 2705 4462 rem
2740 4415 2785 4462 a
2820 4387 3313 4464 communibus
3341 4390 3587 4465 amicis

672 4512 1004 4612 componi
1056 4509 1289 4611 paffus
1341 4509 1489 4595 est3
1542 4509 1826 4584 servatis
1878 4509 2120 4608 itaque
2162 4506 2287 4582 fibi
2331 4507 2825 4582 tantummodo
2871 4508 3252 4584 fundorum
3306 4510 3586 4584 suorum

674 4633 992 4717 decimis„
1030 4643 1102 4706 et
1137 4631 1384 4730 paucis
1419 4629 1594 4720 aliis,
1634 4654 1814 4729 quas
1851 4628 2120 4703 asseclis
2147 4628 2549 4724 indulserat,
2588 4629 2860 4704 caeteris
2908 4629 3118 4704 ceflit.
3230 4629 3423 4705 Tum
3464 4631 3587 4707 de-

674 4778 868 4828 mum
903 4751 1252 4852 apparuit,
1292 4775 1436 4849 quo
1475 4750 1710 4825 animo
1749 4750 2018 4824 aulicus
2053 4749 2172 4824 ille
2207 4761 2501 4824 venator
2534 4750 2605 4823 in
2651 4748 3110 4825 Blacadarios
3156 4751 3409 4842 fuifl'et,
3461 4755 3586 4851 qui

673 4899 884 4948 omne
910 4874 1030 4973 jus
1066 4897 1152 4946 ac
1187 4871 1497 4945 fructum
1537 4871 1628 4944 ad
1664 4870 1735 4944 se
1772 4869 2142 4955 transtulit,
2180 4880 2253 4944 et
2287 4895 2398 4960 e0,
2438 4870 2677 4970 quoad
2713 4871 2907 4957 vixit,
2946 4873 3105 4946 usus
3157 4871 3282 4947 est.
3388 4872 3583 4948 Mor-

672 5011 798 5070 tuo
833 5021 944 5086 e0,
988 4993 1289 5096 Georgii
1323 5016 1540 5092 opera
1574 4991 1875 5077 factum,
1913 5002 1990 5067 ut
2025 4992 2117 5066 ad
2157 4989 2619 5068 Blacadarios
2666 4990 3098 5084 devenerint,
3137 4993 3281 5092 qui,
3321 5005 3426 5067 tot
3478 4994 3579 5070 in-
