4575 6042
1012 781 1108 850 34
1935 773 2076 848 DE
2135 770 2589 848 FAMILIA
2648 767 3005 846 HUMIA

1019 1017 1161 1091 que
1196 991 1267 1065 in
1303 991 1618 1066 omnium
1655 989 2248 1064 indiscriminatim
2285 985 2765 1088 poffeffionem
2806 987 3203 1088 Georgium
3256 986 3490 1078 mittit,
3536 988 3920 1087 puellulam

1020 1110 1214 1212 quafi
1251 1137 1340 1188 ex
1374 1110 1624 1186 morbo
1659 1109 2228 1194 decumbentem,
2265 1134 2432 1183 mox
2467 1121 2816 1184 mortuam
2850 1108 3150 1195 simulat,
3188 1135 3275 1184 ac
3308 1107 3703 1209 impositam
3743 1110 3921 1184 fere·

1017 1246 1126 1306 tro
1162 1232 1480 1307 cistulam
1516 1257 1728 1307 arena
1764 1255 2080 1331 gravem,
2118 1254 2385 1328 magna
2418 1254 2580 1303 cum
2616 1253 2903 1330 pompa,
2938 1241 3143 1305 terrae
3176 1227 3516 1322 mandat3
3574 1228 3792 1329 ipsam
3828 1230 3922 1304 ad

1020 1352 1327 1428 eundem
1366 1351 1707 1428 Dacrium
1757 1352 1831 1424 in
1870 1350 2210 1451 Angliam
2263 1349 2707 1426 educandam
2760 1351 2999 1425 mittit.
3106 1350 3395 1426 Adultae
3436 1350 3809 1452 persuadet
3846 1363 3921 1425 ut

1020 1484 1264 1562 terrae,
1303 1497 1464 1575 quae
1510 1472 1751 1574 priscae
1797 1471 2050 1546 domus
2100 1469 2389 1546 Humiae
2444 1482 2665 1562 erant,
2726 1470 3083 1546 avunculo
3134 1471 3439 1560 cederet,
3479 1471 3629 1571 ipsa
3670 1471 3920 1546 Samil-

1017 1593 1223 1668 stonii
1260 1619 1433 1695 agro
1469 1605 1805 1669 contenta
1839 1591 2031 1682 effet,
2071 1591 2190 1693 qui
2229 1591 2407 1678 aviae
2440 1591 2647 1668 Carae
2676 1602 2841 1666 ante
2865 1591 3121 1667 fuerat.
3216 1591 3361 1666 Sed
3390 1592 3529 1666 hoc
3554 1591 3919 1693 aliquanto

1017 1713 1172 1814 post
1207 1715 1505 1790 factum.
1615 1714 1934 1814 Georgio
1987 1726 2251 1797 autem,
2285 1713 2389 1787 ita
2445 1711 2765 1803 reduEtO,
2805 1711 3051 1787 suadet
3103 1723 3182 1787 ut
3219 1711 3791 1803 Haliburtonam,
3830 1738 3917 1788 ex

1020 1834 1378 1910 Dirlitonii
1414 1835 1812 1910 haeredibus
1847 1857 2087 1923 unam,
2127 1857 2417 1908 uxorem
2446 1834 2761 1919 duceret,
2790 1858 3091 1933 quarum
3119 1833 3668 1909 colocandarum
3702 1833 3923 1908 frater

1021 1953 1427 2031 Alexander
1469 1957 1588 2055 jus
1624 1955 2050 2040 obtinuerat,
2105 1965 2177 2030 et
2224 1953 2587 2029 Gulielmo
2645 1979 2860 2029 unam
2912 1967 3208 2055 nuptam
3272 1953 3590 2041 dederat,
3627 1955 3917 2030 alteram

1022 2075 1332 2152 Andreae
1372 2077 1564 2152 Caro
1601 2077 1808 2152 certia
1844 2073 2368 2151 conditionibus
2400 2075 2659 2176 pactus
2693 2077 2950 2150 fuerat.
3060 2063 3304 2175 Atque
3330 2075 3424 2152 fic
3458 2076 3700 2176 aliqua
3733 2076 3922 2152 resti-

1019 2209 1195 2288 tuta,
1233 2198 1404 2273 licet
1435 2222 1578 2271 non
1615 2198 1686 2270 in
1720 2199 2068 2272 summum
2103 2196 2276 2270 illud
2310 2195 2824 2296 magnitudinis
2858 2197 3163 2286 culmen,
3203 2209 3442 2272 tamen
3478 2198 3679 2271 suum
3716 2199 3784 2271 in
3820 2197 3921 2271 lo·

1018 2341 1182 2391 cum
1217 2329 1290 2392 et
1324 2317 1673 2417 privatum
1708 2317 1949 2407 decus,
1993 2315 2292 2391 Davidis
2324 2340 2590 2415 magna
2626 2341 2795 2392 cura
2829 2328 2902 2392 et
2936 2342 3175 2417 opera,
3215 2317 3467 2392 domus
3504 2317 3917 2418 apparebat.

1022 2436 1205 2513 Haec
1237 2437 1602 2527 nostrateS,
1640 2447 1714 2511 et
1745 2427 1871 2511 sub
1907 2435 2060 2512 haec
2095 2447 2443 2536 tempora,
2478 2437 2657 2512 caeso
2698 2435 2983 2527 Bautio,
3020 2438 3221 2513 facta
3254 2437 3585 2513 tradunt:
3620 2463 3761 2538 ego
3794 2463 3916 2538 po·

1018 2559 1158 2632 tius
1195 2559 1263 2632 in
1294 2558 1464 2632 illud
1498 2572 1778 2658 tempus
1814 2557 2254 2644 contulerim,
2298 2585 2466 2660 quc,
2505 2559 2685 2633 caeso
2715 2555 3115 2635 Blacadaro
3150 2558 3671 2650 coenobiarcha,
3704 2558 3923 2634 Wed-

1020 2677 1470 2753 derburniam
1507 2703 1742 2754 arcem
1795 2703 1939 2752 una
1990 2703 2152 2752 cum
2209 2661 2481 2755 Humia
2538 2679 3001 2778 recuperavit,
3063 2677 3202 2755 hac
3257 2680 3566 2755 maxime
3625 2680 3917 2769 ratione,

1020 2798 1212 2898 quod
1250 2799 1527 2873 videam
1561 2824 1725 2873 mox
1762 2810 1834 2873 et
1869 2797 2442 2875 Wedderburnia
2478 2811 2551 2874 et
2589 2798 2861 2874 Humia
2887 2825 3051 2874 arce
3078 2799 3317 2875 comiti
3348 2799 3637 2875 Araniae
3664 2799 3916 2891 cefifl'e,

1019 2920 1210 3019 quod
1246 2944 1388 2994 non
1425 2919 1707 2996 credam
1745 2920 2020 2995 factum
2073 2946 2162 2994 ex
2214 2946 2359 3021 quo
2400 2920 2761 3022 Georgius
2797 2920 2868 2994 in
2904 2921 3205 3021 patriam
3257 2920 3561 3011 redierit,
3602 2946 3815 3022 quem
3849 2923 3919 2996 in

1022 3040 1362 3140 Angliam
1416 3042 1764 3116 reversum
1819 3041 2187 3140 probabile
2239 3066 2380 3115 non
2435 3041 2557 3128 est,
2596 3067 2733 3116 nec
2786 3041 3085 3141 potuifl'e
3124 3040 3487 3117 Davidem
3530 3066 3693 3116 eum
3730 3043 3920 3130 iniis

1020 3160 1540 3259 poffeffionibus
1575 3163 1902 3248 retinere,
1937 3162 2196 3262 quibus
2233 3161 2379 3262 ipse
2416 3160 2711 3237 cefferit.
2818 3160 3357 3237 Gubernatores
3389 3163 3577 3237 enim
3605 3187 3769 3239 cum
3804 3189 3920 3239 co-

1014 3280 1242 3368 issent,
1295 3283 1616 3382 quamvis
1667 3306 1914 3356 omnes
1948 3282 2224 3357 factum
2283 3281 2657 3381 gauderat,
2715 3278 3012 3372 sublato,
3051 3282 3175 3383 qui
3228 3283 3313 3358 iis
3366 3282 3699 3383 praelatus
3746 3296 3919 3366 erat,

1018 3415 1259 3477 extero
1296 3415 1368 3476 et
1403 3402 1684 3488 aemu10,
1719 3416 1960 3477 tamen
1995 3413 2075 3475 ut
2109 3427 2256 3475 rem
2287 3428 2331 3476 a
2366 3401 2651 3501 publica
2681 3403 3109 3479 conscientia
3133 3403 3526 3503 rejicerent,
3556 3417 3629 3478 et
3656 3429 3746 3478 ne
3772 3430 3920 3479 ma-

1010 3525 1126 3622 jor
1160 3523 1414 3622 aliquis
1449 3535 1684 3597 motus
1720 3524 2037 3607 oriretur,
2073 3523 2407 3598 comitem
2448 3524 2735 3598 Araniae
2769 3523 3159 3625 principem
3196 3525 3547 3632 rectorem
3575 3525 3921 3627 deligunt,

1018 3643 1307 3718 comitia
1341 3642 1680 3732 indicunt,
1720 3654 1871 3717 tum
1911 3642 2265 3717 Davidem
2321 3655 2393 3717 et
2446 3645 2701 3719 fratres
2760 3669 2847 3719 ac
2910 3644 3351 3719 Gulielmum
3409 3642 3917 3720 Cockburuutn

1017 3765 1092 3837 in
1154 3763 1505 3837 decimum
1553 3789 1820 3839 nonum
1871 3761 2122 3839 mensis
2173 3763 2539 3840 Februarii
2592 3766 2837 3851 citant,
2874 3791 2962 3840 ac
2996 3766 3066 3840 se
3117 3789 3259 3840 non
3307 3763 3622 3842 fistentes
3670 3767 3922 3866 perdu-

1021 3884 1194 3961 elles
1245 3883 1698 3971 denunciant,
1739 3884 2009 3960 Aranio
2054 3885 2143 3960 ad
2200 3885 2766 3987 persequendum
2818 3887 3203 3961 exercitum
3258 3885 3423 3960 satis
3476 3888 3921 3962 numerosum

1021 4005 1431 4081 decernunt.
1537 4003 1650 4079 Eo
1699 4005 1816 4080 ille
1869 4006 2254 4094 accinfflms,
2312 4019 2385 4079 et
2438 4005 2821 4106 majoribus
2876 4007 3242 4081 tormentis
3304 4007 3394 4080 ad
3451 4007 3923 4082 verberandas

1022 4153 1220 4202 arces
1243 4152 1387 4201 una
1415 4125 1717 4215 aductiS,
1751 4123 2159 4201 Lauderum
2194 4126 2411 4200 venit.
2504 4126 2679 4201 Illuc
2715 4127 2805 4202 ad
2845 4152 3006 4201 eum
3040 4125 3922 4213 Daviffledderburniae,

1023 4245 1332 4337 Humiae,
1365 4260 1436 4322 et
1468 4245 1872 4347 Langtonae
1901 4246 2168 4321 arcium
2196 4247 2433 4321 claves
2468 4247 2705 4333 mittit,
2736 4248 2853 4323 ille
2880 4249 2951 4322 in
2977 4246 3285 4347 singulas
3321 4247 3660 4348 praefidia.
3744 4249 3921 4322 Ara-

1023 4369 1141 4443 nio
1176 4382 1360 4442 retro
1400 4366 1734 4458 Edinum,
1779 4367 2018 4442 David
2057 4365 2584 4466 Edringtonum
2622 4369 2693 4444 se
2729 4370 3017 4469 recepit.
3126 4367 3333 4444 Baffii
3388 4395 3477 4444 ea
3511 4395 3635 4444 arx
3670 4368 3794 4455 est,
3830 4347 3922 4444 ad

1023 4487 1358 4564 sinistram
1400 4487 1832 4563 Whittadari
1885 4487 2112 4562 amnis
2164 4487 2390 4586 ripam
2444 4489 2609 4564 fatis
2659 4490 2954 4578 munita,
2995 4489 3217 4589 ipsum
3254 4489 3453 4562 fundi
3493 4487 3923 4566 Bervicenfis

1020 4609 1318 4685 limitem
1355 4610 1738 4710 attingens,
1841 4607 2052 4694 Eam,
2091 4607 2401 4700 dominc,
2441 4609 2563 4709 qui
2599 4610 2838 4685 uxoris
2873 4610 3175 4684 sororem
3213 4610 3283 4683 in
3320 4609 3767 4685 matrimonio
3800 4610 3921 4684 ha·

1021 4730 1260 4819 bebat,
1300 4754 1442 4804 non
1480 4730 1650 4804 a‘uso
1686 4728 2101 4819 concedere,
2143 4729 2209 4804 vi
2239 4729 2453 4829 capit,
2493 4741 2568 4805 et
2601 4731 2949 4830 nusquam
2986 4730 3277 4805 ulterius
3311 4729 3730 4831 progressus,
3765 4742 3921 4805 toto

1023 4852 1212 4927 exilii
1247 4864 1566 4950 tempore
1603 4850 1773 4926 inibi
1809 4849 2178 4942 habitavit,
2216 4847 2411 4925 haud
2446 4850 2673 4925 multo
2710 4849 3003 4935 minore,
3040 4874 3257 4950 quam
3293 4875 3455 4924 cum
3490 4849 3681 4923 domi
3730 4848 3923 4934 efl'et,

1021 4971 1471 5060 auctoritate,
1511 4973 1793 5047 nemine
1844 4969 2359 5073 propemodum
2412 4969 2786 5072 imperium
2821 4968 3287 5061 detrectante,
3326 4994 3485 5057 nec,
3520 4968 3641 5044 nisi
3679 4994 3765 5044 eo
3804 4969 3923 5043 adss
