4575 6042
986 795 1079 864 28
1903 781 2048 860 DE
2106 782 2563 861 FAMILIA
2618 780 2978 859 HUMIA
3028 847 3035 854 .

983 1011 1115 1088 taS,
1155 999 1364 1084 forte,
1401 998 1594 1074 elusa
1627 996 1776 1088 est3
1816 995 1933 1072 ille
1970 997 2180 1087 enim,
2219 995 2360 1072 five
2416 994 2689 1072 minore
2743 1020 2916 1071 cura
2972 991 3383 1082 custoditus,
3422 990 3563 1067 five
3598 990 3887 1068 custode

985 1118 1292 1219 pecunia
1327 1129 1680 1218 corrupte,
1721 1117 2099 1217 impetrata
2131 1117 2341 1192 unius
2375 1116 2612 1193 nostis
2646 1142 2871 1202 mora,
2906 1127 2986 1190 ut
3020 1115 3111 1191 de
3146 1115 3402 1190 animae
3436 1113 3662 1189 salute
3698 1114 3890 1214 cogi-

987 1251 1193 1328 taret,
1233 1264 1358 1340 per
1393 1238 1660 1316 amicos
1711 1237 2072 1327 liberatus,
2111 1237 2530 1338 supplicium
2582 1237 2856 1338 effugit.
2961 1235 3125 1311 Nec
3158 1235 3276 1311 hic
3308 1247 3548 1310 tamen
3598 1234 3892 1310 crudeli-

989 1373 1119 1450 tas,
1162 1385 1250 1434 ac
1282 1360 1578 1460 perfidia
1614 1359 1942 1448 constitit,
1999 1358 2347 1435 subeunte
2383 1383 2527 1433 non
2574 1359 2810 1434 minus
2862 1358 3004 1432 acri
3061 1382 3254 1442 cura,
3290 1355 3412 1457 qui
3465 1355 3739 1456 pofl'ent
3773 1369 3896 1431 aut

987 1480 1251 1556 vellent
1286 1480 1499 1556 caedis
1524 1479 1840 1554 vindices
1867 1478 2188 1555 existere.
2282 1479 2741 1579 Supererant,
2777 1477 3063 1553 Humiis
3097 1477 3449 1567 extinctiS,
3488 1488 3632 1552 tres
3666 1475 3897 1551 adhuc

990 1601 1288 1690 fratres;
1355 1601 1425 1674 in
1485 1625 1730 1676 eorum
1793 1600 2015 1689 facta,
2078 1610 2156 1674 ut
2215 1598 2321 1674 est
2379 1598 2659 1700 inquies
2725 1599 2970 1688 scelus,
3034 1597 3412 1698 diligenter
3470 1595 3894 1697 inquisitum.

998 1719 1360 1822 Georgius
1395 1721 1558 1797 exul
1597 1721 1668 1795 in
1707 1719 2051 1820 Angliam
2078 1719 2509 1820 jampridem
2547 1719 2843 1794 abierat.
2944 1717 3263 1794 Joannes
3288 1716 3636 1818 Jedburgi
3664 1743 3900 1792 coeno-

993 1842 1309 1928 biarcha,
1347 1855 1541 1917 trans
1579 1841 1819 1918 Taum
1855 1839 2070 1940 paulo
2108 1853 2275 1915 ante
2330 1840 2714 1942 relegatus,
2758 1841 2944 1915 forte
2999 1837 3311 1914 Edinum
3364 1838 3550 1913 clam
3586 1851 3897 1913 venerat.

993 1961 1107 2036 Ea
1139 1988 1252 2037 res
1287 1961 1380 2036 ad
1416 1963 1654 2037 aulam
1689 1960 1932 2036 delata
1964 1959 2190 2060 primo
2225 1973 2489 2036 terrore
2517 1989 2538 2053 3
2575 1960 2773 2046 miffi,
2809 1959 2931 2060 qui
2967 1959 3141 2060 quid
3189 1959 3495 2060 agitaret
3528 1958 3728 2034 taciti
3782 1983 3899 2034 ex-

987 2083 1388 2185 plorarent3
1449 2081 1808 2170 conviviiS‚
1882 2092 1957 2155 et
2015 2080 2503 2156 saltationibus
2562 2081 2633 2155 in
2701 2080 3075 2155 mulierum
3126 2080 3343 2155 choro
3403 2079 3893 2182 indulgentem

991 2203 1470 2279 ostenderunt.
1576 2201 1661 2276 Id
1713 2201 1780 2276 ei
1813 2200 2136 2276 salutem
2189 2226 2355 2277 cum
2404 2213 2824 2302 contemptu
2880 2203 3177 2302 peperit,
3226 2213 3541 2303 negante
3595 2226 3899 2302 protege

994 2325 1379 2425 quicquam
1441 2321 1532 2397 ab
1593 2321 1715 2396 illo
1773 2321 2265 2396 metuendum.
2392 2320 2632 2397 David
2698 2333 2877 2396 natu
2931 2322 3263 2398 minimus
3327 2321 3897 2424 Coldinghamiae

996 2442 1498 2520 coenobiarcha
1534 2455 1709 2528 erat,
1747 2453 1821 2516 et
1857 2442 2126 2517 summa
2158 2441 2421 2528 indole,
2458 2454 2530 2517 et
2586 2442 2730 2518 acri
2785 2443 3099 2541 ingenio,
3153 2443 3401 2543 procul
3453 2443 3619 2518 aula
3652 2456 3726 2519 et
3776 2442 3897 2518 fibi

997 2563 1323 2650 cavebat,
1361 2575 1432 2639 et
1469 2562 2018 2638 consultationes
2051 2587 2139 2637 ac
2190 2575 2581 2638 conventus
2635 2588 2799 2638 cum
2858 2563 3105 2639 amicis
3161 2564 3497 2665 frequens
3552 2564 3895 2663 agitabat.

999 2684 1292 2785 Inquies
1324 2682 1630 2758 hostium
1665 2683 1963 2772 animus,
2003 2683 2125 2784 qui
2163 2685 2458 2758 fratrum
2492 2683 2690 2760 caede
2716 2709 2971 2759 manus
3004 2684 3426 2784 polluerant,
3464 2686 3557 2775 se,
3588 2684 3759 2760 dum
3786 2686 3901 2761 hic

998 2803 1401 2906 superesset,
1439 2815 1632 2880 tutos
1665 2828 1809 2878 non
1845 2802 2203 2879 rebantur.
2316 2801 2465 2880 Sed
2498 2803 2571 2879 in
2598 2805 2959 2904 juvenem,
2994 2804 3275 2905 legibus
3308 2831 3451 2880 non
3488 2805 3896 2896 obnoxium,

994 2925 1231 3000 nullus
1282 2924 1520 3024 palam
1569 2934 1960 3025 praetextus
2015 2924 2455 3014 occurrebat,
2496 2925 2681 2999 clam
2733 2948 2985 3001 necem
3040 2925 3500 3002 intentarunt.
3606 2925 3705 3001 Et
3738 2953 3897 3002 cum

995 3046 1260 3148 alioqui
1296 3054 1776 3145 opportunum
1809 3044 1883 3119 se
1915 3069 2059 3118 non
2095 3045 2467 3144 praeberet,
2508 3046 2753 3121 aEtum
2795 3069 2961 3121 cum
2995 3045 3040 3122 J
3044 3045 3273 3121 acobo
3313 3045 3709 3148 Hepburno
3748 3046 3898 3122 Ha·

993 3165 1166 3253 lifio,
1201 3166 1452 3242 sororis
1485 3167 1766 3251 marito,
1802 3185 1881 3240 ut
1915 3190 2063 3240 rem
2098 3165 2562 3266 tranfigeret3
2619 3191 2755 3240 nec
2790 3166 2989 3241 illum
3044 3179 3167 3241 aut
3219 3167 3628 3244 innocentia
3682 3170 3897 3258 flexit,

995 3299 1120 3363 aut
1154 3288 1520 3362 affinitatis
1555 3298 1629 3362 et
1665 3285 1996 3360 amicitiae
2031 3286 2558 3362 sacrosanctum
2586 3287 2970 3372 vinculum,
2998 3312 3143 3388 quo
3178 3288 3410 3364 minus
3445 3288 3901 3389 turpiffimum

996 3408 1276 3484 facinus
1310 3417 1770 3507 perpetraret.
1879 3404 2253 3492 Juvenem,
2306 3408 2379 3482 se
2439 3406 2535 3480 illi
2594 3406 3026 3495 credentem,
3082 3433 3247 3483 cum
3299 3433 3445 3484 uno
3503 3421 3628 3484 aut
3682 3411 3903 3487 altero

998 3529 1282 3617 comite,
1319 3528 1390 3602 in
1422 3525 1858 3626 colloquium
1885 3537 2137 3601 evocat
2162 3555 2184 3617 3
2225 3538 2599 3603 evocatum
2626 3527 2955 3614 trucidat,
2982 3528 3292 3604 maxima
3319 3531 3656 3621 omnium,
3688 3532 3903 3607 etiam

999 3649 1121 3748 qui
1156 3647 1492 3723 facinoris
1526 3645 1695 3721 socii
1731 3657 1957 3733 erant,
1993 3646 2623 3738 commiseratione,
2665 3673 2710 3723 a
2742 3673 3043 3748 quorum
3071 3675 3213 3724 uno
3242 3676 3368 3751 per
3402 3651 3745 3754 ambages
3782 3654 3903 3728 ad-

1000 3769 1333 3858 monituS,
1373 3779 1452 3843 ut
1488 3791 1776 3868 equum,
1816 3792 2031 3868 quem
2083 3767 2620 3868 perniciffimum
2677 3767 2942 3845 habere
2975 3772 3049 3846 se
3085 3771 3485 3863 dictitabat,
3526 3776 3904 3851 conscend-

998 3900 1170 3980 eret,
1209 3886 1480 3988 fibique
1514 3889 1694 3989 suga
1727 3887 2165 3974 consuleret;
2216 3888 2412 3990 quod
2446 3888 2572 3975 illi,
2608 3890 2729 3965 seu
2762 3915 2905 3964 non
2932 3891 3381 3994 intelligenti,
3421 3896 3543 3971 seu
3577 3920 3721 3972 non
3758 3923 3905 3973 cre·

1000 4011 1194 4086 denti
1245 4008 1631 4112 quicquam
1684 4009 1876 4085 affini
1922 4008 2241 4108 periculi,
2275 4008 2531 4084 frustra
2565 4011 2724 4085 fuit.
2831 4009 3111 4110 Itaque,
3173 4038 3337 4088 cum
3388 4039 3529 4091 non
3595 4031 3901 4106 caveret,

997 4133 1215 4208 caesus
1251 4129 1373 4222 est,
1415 4157 1460 4206 a
1493 4154 1638 4233 quo
1664 4128 1952 4205 minime
1987 4128 2257 4220 debuit,
2287 4130 2573 4230 juvenis
2598 4129 2945 4221 innoxius,
2979 4158 3137 4208 rara
3170 4135 3431 4222 indole,
3460 4137 3729 4214 summa
3756 4165 3903 4215 mo·

995 4279 1150 4328 rum
1201 4254 1562 4342 comitate,
1619 4263 1693 4325 et
1743 4250 1938 4352 vulgi
1990 4247 2086 4325 ob
2137 4249 2551 4326 comitatem
2604 4251 3129 4351 flagrantiffima
3189 4257 3444 4356 gratia,
3500 4258 3685 4334 adeo
3721 4262 3903 4336 utin

995 4374 1186 4450 hunc
1219 4375 1440 4476 usque
1473 4371 1665 4448 diem
1699 4371 2040 4446 innocens
2075 4371 2497 4471 usurpetur3
2535 4372 2656 4448 sed
2690 4372 3226 4466 execrabantur,
3267 4390 3343 4451 ut
3390 4378 3488 4468 fit,
3526 4404 3671 4454 non
3708 4382 3905 4456 ulcis-

999 4493 1343 4570 cebantur
1376 4494 1626 4580 scelus,
1660 4490 1809 4583 fibi,
1872 4503 1949 4566 ut
2002 4492 2116 4567 fas
2150 4491 2252 4566 est
2287 4492 2601 4579 credere,
2638 4493 3021 4593 seponente
3077 4495 3263 4572 hanc
3311 4498 3612 4599 gloriam
3666 4500 3903 4578 divino

993 4615 1305 4690 numine.
1409 4613 1682 4689 Multos
1716 4613 1906 4688 enirn
1939 4610 2097 4711 post
2130 4636 2377 4698 annm,
2408 4612 2501 4688 ad
2551 4614 2776 4689 seram
2830 4627 3115 4691 aetatem
3174 4619 3557 4717 proveaus
3590 4619 3893 4712 ficarius,

993 4761 1160 4812 cum
1196 4745 1347 4810 toto
1384 4760 1679 4834 corpore
1712 4734 2065 4818 incurvus,
2102 4757 2188 4808 ac
2221 4733 2416 4807 vultu
2456 4733 2528 4808 in
2565 4745 2821 4810 terram
2856 4759 3082 4836 prono
3110 4738 3351 4813 rectus
3378 4729 3765 4817 confistere'
3784 4769 3903 4820 ne-

993 4858 1246 4959 quiret,
1284 4880 1374 4932 eo
1419 4855 1678 4956 inopiae
1737 4852 2078 4929 reduetus
2129 4853 2254 4940 est,
2292 4866 2371 4928 ut
2426 4853 2765 4930 cathedra
2818 4855 2890 4930 in
2945 4855 3309 4956 publicum
3370 4859 3805 4962 deportatum
3859 4891 3903 4938 a

994 4975 1515 5054 transeuntibus
1549 4975 1710 5052 vitae
1745 4972 2122 5055 subsidium
2151 4975 2653 5066 emendicaret,
2694 4974 3065 5054 substituto
3102 4980 3365 5056 vicario
3412 4983 3533 5081 qui
3569 4984 3903 5084 magistro
