4575 6042
1579 795 2639 874 WEDDERBURNENSL
3458 799 3555 883 69

634 1012 922 1097 relictae,
946 1011 1037 1087 de
1067 1012 1268 1087 terris
1305 1037 1390 1088 ac
1416 1010 1709 1088 decimis
1738 1012 1830 1086 ad
1858 1011 2264 1086 coenobium
2297 1010 2807 1088 Caldistremiae
2834 1009 3369 1111 pertinentibus⁸
3414 1015 3417 1018 ’
3442 1009 3533 1099 Is,

619 1133 780 1231 jure
821 1133 1154 1232 superior,
1206 1157 1370 1207 cum
1422 1132 1846 1232 perspiceret
1882 1133 1952 1208 se
1990 1131 2421 1207 Humiorum
2454 1131 2715 1206 viribus
2748 1133 3115 1231 imparem,
3156 1143 3229 1206 et
3262 1143 3535 1206 tantam

630 1251 929 1354 Georgii
985 1253 1510 1343 auctoritatem,
1567 1267 1648 1327 ut
1697 1254 1810 1328 vel
1858 1251 2319 1353 persuadere,
2360 1251 2473 1327 vel
2524 1277 2785 1352 cogere
2826 1277 2951 1326 eos
2994 1252 3086 1327 ad
3128 1252 3537 1352 aequitatem

625 1372 870 1472 pofl'et,
923 1398 1088 1448 cum
1139 1373 1379 1474 puella
1432 1373 1767 1473 placeret,
1819 1385 1892 1448 et
1933 1398 2072 1448 non
2111 1373 2509 1473 displiceret
2543 1373 2697 1457 dos,
2734 1383 2813 1447 ut
2852 1371 3247 1473 Georgium
3275 1374 3385 1448 vel
3410 1371 3535 1448 fibi

613 1495 974 1596 jungeret,
1012 1495 1125 1570 vel
1159 1492 1456 1570 honesto
1489 1494 2084 1570 reconciliationis
2118 1495 2501 1594 interprete
2548 1504 2881 1583 uteretur,
2921 1519 3085 1568 eam
3119 1494 3536 1569 affinitatem

609 1615 927 1708 secutuS,
973 1615 1165 1690 omni
1217 1639 1356 1715 ope
1400 1613 1853 1715 procurabat.
1961 1614 2070 1689 Illi
2122 1601 2369 1690 contra
2404 1613 2602 1690 veriti
2635 1639 2753 1699 ne,
2787 1612 2839 1688 fi
2889 1613 2962 1687 id
3011 1614 3537 1690 matrimonium

622 1735 862 1826 coiret,
924 1733 1348 1837 Georgium,
1398 1761 1586 1812 nova
1637 1735 1980 1810 affinitate
2032 1734 2463 1824 devinctum,
2521 1746 2791 1809 certum
2842 1734 3115 1809 hostem
3159 1733 3527 1826 habereut,

625 1855 836 1948 omni·
855 1867 1008 1930 arte
1050 1857 1336 1957 nuptias
1377 1855 1662 1931 turbare
1699 1857 1934 1932 conati
1974 1857 2176 1941 sunt;
2228 1881 2419 1930 nunc
2454 1853 2881 1955 aequioribus
2916 1856 2991 1928 in
3023 1856 3327 1955 speciem
3364 1881 3529 1931 con·

619 1974 1006 2052 ditionibus
1045 1976 1238 2052 Caro
1271 1976 1550 2067 oblatis,
1589 2001 1778 2052 nunc
1811 1974 2150 2050 submiflis
2185 1975 2681 2050 communibus
2722 1975 2989 2060 amicis,
3042 1976 3164 2076 qui
3205 1975 3527 2077 Georgio

621 2095 910 2197 oblique
962 2097 1262 2198 scrupuli
1316 2097 1587 2197 aliquid
1626 2097 2036 2196 injicerent3
2090 2107 2164 2172 et
2213 2096 2409 2171 varia
2459 2094 2888 2170 Humiorum
2939 2097 3254 2171 omnium
3300 2097 3526 2196 genti,

615 2241 703 2292 ex
753 2219 1064 2318 ipsorum
1115 2217 1390 2292 diffidio.
1434 2217 1600 2292 inde
1651 2219 1938 2303 orituro,
1989 2216 2447 2292 incommoda
2480 2217 2979 2307 causarentur3
3038 2242 3123 2291 ac
3159 2217 3519 2293 blanditiis

622 2338 1036 2429 mulcerent,
1086 2364 1174 2413 ac
1228 2340 1348 2438 spe
1406 2339 1752 2429 foverent,
1811 2340 1880 2413 se
1926 2338 2196 2438 suaque
2247 2337 2489 2412 omnia
2538 2337 2637 2411 illi
2689 2337 3155 2437 permifl'uros.
3259 2337 3529 2414 Verum

622 2459 790 2534 nihil
814 2459 912 2534 illi
940 2459 1484 2560 persuadebant,
1513 2471 1586 2534 et
1618 2459 1809 2535 Caro
1829 2459 2054 2532 multo
2081 2459 2334 2546 minus,
2368 2483 2634 2558 gnarus
2660 2483 2804 2557 quo
2832 2457 3201 2533 tenderent
3229 2487 3251 2545 3
3286 2459 3530 2559 itaque

619 2605 784 2656 cum
834 2605 978 2656 non
1030 2580 1488 2656 succederent
1539 2579 1810 2680 obliqui
1848 2582 2220 2668 sermoneS,
2260 2577 2531 2653 directe
2566 2603 2717 2652 rem
2752 2579 3285 2678 aggrediuntur.
3394 2579 3531 2654 Im-

621 2701 886 2800 primis,
939 2699 1511 2787 Manderstonus,
1563 2701 1946 2800 interprete
2003 2698 2324 2799 Georgio
2377 2697 2824 2784 Turuibullo,
2880 2698 3403 2776 Wedderburni
3454 2703 3527 2777 in

623 2819 830 2896 Ulaeo
865 2821 1143 2912 colono,
1182 2831 1255 2895 et
1293 2820 1682 2895 Alexandri
1718 2821 1992 2905 intimo,
2020 2831 2265 2919 aperte
2300 2817 2949 2895 reconciliationem
3000 2831 3267 2919 petere,
3298 2824 3525 2920 poeni-

619 2953 768 3016 tere
819 2941 1090 3031 diffidii,
1147 2953 1222 3016 et
1272 2941 1530 3042 partim
1581 2941 1758 3016 iram
1811 2940 2099 3029 causari,
2139 2940 2398 3040 partim
2432 2951 2739 3013 erratum
2773 2940 3025 3026 fateri;
3075 2941 3265 3016 nolle
3298 2943 3519 3033 facta,

619 3086 782 3162 quae
814 3061 1272 3153 obvenissent,
1303 3062 1423 3138 sed
1457 3061 1812 3162 praeterita
1839 3062 2152 3136 revocari
2188 3086 2330 3135 non
2368 3059 2579 3160 poss'e,
2617 3060 2817 3135 facta
2849 3061 3123 3136 infesta
3154 3086 3297 3136 non
3330 3063 3525 3165 pofl'e

621 3182 782 3258 effe.
888 3182 1052 3258 Effe
1107 3182 1508 3284 Georgium
1559 3183 1625 3258 ei
1677 3171 1750 3257 in
1801 3181 2214 3282 principem,
2265 3181 2339 3256 se
2391 3205 2480 3256 ex
2522 3179 2677 3280 ejus
2711 3181 2983 3255 familia
3018 3193 3091 3255 et
3123 3181 3334 3282 stirpe
3388 3186 3521 3260 ori-

622 3305 910 3394 undum,
965 3329 1099 3379 nec
1151 3303 1336 3379 adeo
1386 3303 1604 3403 longe
1655 3301 2001 3388 divulsos;
2052 3301 2126 3376 id
2175 3301 2301 3375 fibi
2342 3299 2590 3376 honori
2631 3301 2916 3388 ducere,
2968 3326 3105 3376 nec
3138 3304 3525 3403 quicquam

621 3440 767 3499 tam
801 3422 1066 3499 habere
1101 3425 1174 3499 in
1207 3403 1666 3524 votis,‘quam
1701 3437 1780 3497 ut
1812 3423 2141 3498 inservire
2176 3421 2242 3496 ei
2289 3421 2516 3522 poffit,
2552 3447 2639 3497 ac
2674 3423 2989 3497 animum
3022 3422 3415 3511 ostendere,
3449 3439 3524 3500 et

622 3544 860 3644 aliqua
894 3544 1050 3619 usui
1083 3544 1224 3620 efl'e
1256 3545 1545 3620 familiae
1585 3543 2218 3628 Wedderburniae3
2255 3543 2599 3643 spondere
2634 3568 2946 3642 operam,
2973 3544 3213 3619 omnia
3240 3545 3522 3621 submis-

629 3665 910 3753 fiffime3
963 3665 1274 3766 denique
1309 3666 1482 3741 nihil
1517 3667 1898 3751 omitteret,
1934 3664 2128 3765 quod
2165 3663 2260 3738 ad
2287 3689 2453 3740 eum
2486 3664 2899 3739 leniendum
2924 3666 3219 3741 faceret.
3326 3665 3520 3770 Tan·

619 3787 778 3863 dem
807 3787 1302 3888 compellando
1329 3786 1616 3873 affidue,
1642 3785 2103 3871 observando,
2119 3785 2555 3885 spondendo,
2571 3785 3072 3875 submittendo,
3100 3772 3189 3863 eo
3214 3788 3519 3890 impulit,

621 3921 703 3981 ut
731 3907 999 4008 alloqui
1033 3933 1200 3982 eum
1234 3907 1624 3982 sustineret.
1729 3905 2036 3981 Factum
2071 3905 2174 3980 est
2207 3905 2280 3979 id
2316 3904 2687 4006 Jedburgi,
2728 3931 2871 4007 quo
2907 3932 3181 4008 prorex,
3222 3910 3315 3985 ad
3358 3913 3524 3986 co'n-

619 4041 868 4103 ventus
893 4027 1236 4128 juridicos
1267 4027 1700 4117 habendum,
1743 4038 2058 4112 venerat,
2101 4025 2503 4127 eodemque
2545 4027 2647 4102 illi
2688 4039 2767 4101 ut
2802 4027 3137 4121 adessent,
3180 4030 3521 4107 admoniti

619 4161 1118 4224 convenerant.
1211 4147 1319 4223 Ibi
1345 4148 1537 4224 venit
1569 4145 1980 4223 Alexander
2004 4147 2078 4221 in
2109 4146 2408 4248 Georgii
2436 4145 2840 4247 hospitium,
2862 4148 2987 4224 ubi
3010 4149 3263 4226 eadem
3284 4175 3525 4226 coram

619 4269 1030 4370 repetendO,
1069 4269 1507 4356 affirmando,
1525 4268 1858 4369 jurand0,
1891 4267 2176 4342 dextras
2192 4266 2531 4368 jungunt,
2557 4268 2783 4367 primo
2810 4269 3155 4369 privatim,
3192 4270 3529 4370 postridie

621 4403 910 4493 aperte3
967 4416 1057 4466 ex
1091 4417 1180 4468 eo
1215 4391 1310 4466 ad
1348 4388 1648 4492 Georgii
1684 4389 1874 4465 aedes
1908 4389 2256 4464 ventitare
2292 4388 2635 4488 quotidie,
2672 4389 2767 4463 ad
2800 4389 2989 4465 fores
3014 4391 3397 4491 expectare
3424 4392 3501 4467 in

617 4513 919 4600 tardum,
953 4512 1306 4588 interdum
1343 4511 1790 4598 introvenire,
1825 4521 2206 4586 exeuntem
2241 4509 2332 4584 ad
2368 4509 2641 4610 regiam
2688 4509 3062 4601 deducere,
3112 4509 3530 4589 redeuntem

617 4633 978 4725 reducere,
1019 4657 1153 4709 nec
1189 4632 1342 4733 ejus
1378 4657 1422 4708 a
1454 4632 1678 4707 latere
1713 4632 2010 4730 usquam
2043 4630 2403 4722 recedere,
2443 4630 2785 4732 quamdiu
2832 4630 3182 4733 Jedburgi
3218 4658 3530 4710 commo·

615 4755 756 4830 rati
782 4755 964 4831 sunt.
1072 4753 1218 4829 Ubi
1247 4753 1540 4829 domum
1565 4753 1636 4828 in
1667 4748 1948 4828 Mercia
1966 4749 2273 4828 reditum
2300 4750 2426 4838 est,
2456 4752 2630 4852 agit,
2660 4753 2965 4853 primum
2990 4753 3248 4829 eodem
3277 4753 3532 4832 Trum-

625 4875 840 4951 bellio
889 4876 1298 4977 interprete,
1343 4899 1511 4951 mox
1555 4875 1701 4976 ipse
1737 4898 2000 4964 coram,
2039 4883 2120 4948 ut
2153 4872 2409 4973 coeptis
2444 4897 2607 4948 cum
2647 4871 2839 4950 Caro
2873 4873 3138 4974 nuptiis
3176 4875 3537 4978 Georgius

625 4997 1118 5088 renunciarem
1171 4995 1245 5072 id
1297 5021 1340 5073 e
1390 5019 1468 5072 re
1512 4995 1820 5072 nominis
1855 4992 2104 5070 Humii
2142 4993 2317 5086 fore,
2356 5017 2448 5072 ne
2490 4991 2839 5071 Carorum
2873 5021 3053 5098 gens
3077 5021 3169 5072 ex
3206 4993 3537 5078 Teriotia
