<?xml version="1.0" encoding="UTF-8"?>
<!DOCTYPE html PUBLIC "-//W3C//DTD XHTML 1.0 Transitional//EN"
    "http://www.w3.org/TR/xhtml1/DTD/xhtml1-transitional.dtd">
<html xmlns="http://www.w3.org/1999/xhtml" xml:lang="en" lang="en">
 <head>
  <title>
</title>
<meta http-equiv="Content-Type" content="text/html;charset=utf-8" />
  <meta name='ocr-system' content='tesseract 3.04.00' />
  <meta name='ocr-capabilities' content='ocr_page ocr_carea ocr_par ocr_line ocrx_word'/>
</head>
<body>
  <div class='ocr_page' id='page_1' title='image "./davidishumiidef00edingoog_0095.png"; bbox 0 0 4575 6042; ppageno 0'>
   <div class='ocr_carea' id='block_1_1' title="bbox 1639 723 3589 820">
    <p class='ocr_par' dir='ltr' id='par_1_1' title="bbox 1639 723 3589 820">
     <span class='ocr_line' id='line_1_1' title="bbox 1639 723 3589 820; baseline 0.001 -13"><span class='ocrx_word' id='word_1_1' title='bbox 1639 723 2565 812; x_wconf 86' lang='lat' dir='ltr'>WEDDERBURNEN</span> <span class='ocrx_word' id='word_1_2' title='bbox 2578 731 2695 808; x_wconf 90' lang='lat' dir='ltr'>SI.</span> <span class='ocrx_word' id='word_1_3' title='bbox 3502 739 3589 820; x_wconf 84' lang='lat'>71</span> 
     </span>
    </p>
   </div>
   <div class='ocr_carea' id='block_1_2' title="bbox 611 941 3661 5030">
    <p class='ocr_par' dir='ltr' id='par_1_2' title="bbox 611 941 3661 3946">
     <span class='ocr_line' id='line_1_2' title="bbox 685 941 3593 1049; baseline 0.003 -33"><span class='ocrx_word' id='word_1_4' title='bbox 685 942 936 1042; x_wconf 85' lang='lat' dir='ltr'>saepius</span> <span class='ocrx_word' id='word_1_5' title='bbox 968 941 1164 1017; x_wconf 80' lang='lat' dir='ltr'>fratri</span> <span class='ocrx_word' id='word_1_6' title='bbox 1196 967 1344 1018; x_wconf 90' lang='lat' dir='ltr'>rem</span> <span class='ocrx_word' id='word_1_7' title='bbox 1369 953 1595 1018; x_wconf 90' lang='lat' dir='ltr'>totam</span> <span class='ocrx_word' id='word_1_8' title='bbox 1624 942 1901 1044; x_wconf 90' lang='lat' dir='ltr'>aperire</span> <span class='ocrx_word' id='word_1_9' title='bbox 1930 944 2270 1021; x_wconf 87' lang='lat' dir='ltr'>statuerat</span> <span class='ocrx_word' id='word_1_10' title='bbox 2298 974 2319 1033; x_wconf 89' lang='lat'><strong>;</strong></span> <span class='ocrx_word' id='word_1_11' title='bbox 2355 947 2605 1047; x_wconf 84' lang='lat' dir='ltr'>saepius</span> <span class='ocrx_word' id='word_1_12' title='bbox 2632 973 2677 1022; x_wconf 90' lang='lat' dir='ltr'>a</span> <span class='ocrx_word' id='word_1_13' title='bbox 2703 946 3081 1049; x_wconf 84' lang='lat' dir='ltr'>propofit0,</span> <span class='ocrx_word' id='word_1_14' title='bbox 3118 949 3374 1049; x_wconf 89' lang='lat' dir='ltr'>partim</span> <span class='ocrx_word' id='word_1_15' title='bbox 3398 974 3593 1024; x_wconf 90' lang='lat' dir='ltr'>vere·</span> 
     </span>
     <span class='ocr_line' id='line_1_3' title="bbox 682 1061 3591 1169; baseline 0.002 -32"><span class='ocrx_word' id='word_1_16' title='bbox 682 1062 965 1150; x_wconf 90' lang='lat' dir='ltr'>cundia,</span> <span class='ocrx_word' id='word_1_17' title='bbox 1001 1064 1259 1164; x_wconf 87' lang='lat' dir='ltr'>partim</span> <span class='ocrx_word' id='word_1_18' title='bbox 1293 1061 1740 1139; x_wconf 72' lang='lat' dir='ltr'>dubitatione</span> <span class='ocrx_word' id='word_1_19' title='bbox 1777 1090 1868 1141; x_wconf 90' lang='lat' dir='ltr'>an</span> <span class='ocrx_word' id='word_1_20' title='bbox 1903 1065 2101 1141; x_wconf 64' lang='lat' dir='ltr'>recte</span> <span class='ocrx_word' id='word_1_21' title='bbox 2129 1067 2533 1166; x_wconf 77' lang='lat' dir='ltr'>conjiceret,</span> <span class='ocrx_word' id='word_1_22' title='bbox 2566 1068 2898 1169; x_wconf 86' lang='lat' dir='ltr'>depulsus</span> <span class='ocrx_word' id='word_1_23' title='bbox 2926 1069 3071 1161; x_wconf 84' lang='lat' dir='ltr'>est3</span> <span class='ocrx_word' id='word_1_24' title='bbox 3111 1070 3399 1144; x_wconf 91' lang='lat' dir='ltr'>tandem</span> <span class='ocrx_word' id='word_1_25' title='bbox 3428 1094 3591 1145; x_wconf 89' lang='lat' dir='ltr'>cum</span> 
     </span>
     <span class='ocr_line' id='line_1_4' title="bbox 683 1183 3590 1290; baseline 0.003 -32"><span class='ocrx_word' id='word_1_26' title='bbox 683 1198 979 1285; x_wconf 91' lang='lat' dir='ltr'>uterque</span> <span class='ocrx_word' id='word_1_27' title='bbox 1040 1183 1454 1286; x_wconf 86' lang='lat' dir='ltr'>Gleneglifii</span> <span class='ocrx_word' id='word_1_28' title='bbox 1525 1184 1724 1272; x_wconf 83' lang='lat' dir='ltr'>effet,</span> <span class='ocrx_word' id='word_1_29' title='bbox 1784 1186 2252 1288; x_wconf 88' lang='lat' dir='ltr'>Georgioque</span> <span class='ocrx_word' id='word_1_30' title='bbox 2306 1187 2673 1274; x_wconf 80' lang='lat' dir='ltr'>redeunte,</span> <span class='ocrx_word' id='word_1_31' title='bbox 2736 1189 2975 1265; x_wconf 87' lang='lat' dir='ltr'>David</span> <span class='ocrx_word' id='word_1_32' title='bbox 3038 1191 3231 1290; x_wconf 91' lang='lat' dir='ltr'>apud</span> <span class='ocrx_word' id='word_1_33' title='bbox 3285 1191 3590 1266; x_wconf 89' lang='lat' dir='ltr'>sororem</span> 
     </span>
     <span class='ocr_line' id='line_1_5' title="bbox 679 1303 3591 1410; baseline 0.001 -28"><span class='ocrx_word' id='word_1_34' title='bbox 679 1304 1097 1396; x_wconf 82' lang='lat' dir='ltr'>substitiffet,</span> <span class='ocrx_word' id='word_1_35' title='bbox 1139 1303 1514 1406; x_wconf 89' lang='lat' dir='ltr'>Edgarum</span> <span class='ocrx_word' id='word_1_36' title='bbox 1567 1307 1930 1406; x_wconf 83' lang='lat' dir='ltr'>quendam</span> <span class='ocrx_word' id='word_1_37' title='bbox 1970 1307 2294 1410; x_wconf 90' lang='lat' dir='ltr'>Georgio</span> <span class='ocrx_word' id='word_1_38' title='bbox 2332 1335 2375 1383; x_wconf 90' lang='lat' dir='ltr'>a</span> <span class='ocrx_word' id='word_1_39' title='bbox 2409 1309 2735 1408; x_wconf 80' lang='lat' dir='ltr'>pedibuS,</span> <span class='ocrx_word' id='word_1_40' title='bbox 2770 1309 3023 1384; x_wconf 81' lang='lat' dir='ltr'>frivolo</span> <span class='ocrx_word' id='word_1_41' title='bbox 3059 1310 3359 1385; x_wconf 88' lang='lat' dir='ltr'>obtentu</span> <span class='ocrx_word' id='word_1_42' title='bbox 3394 1311 3591 1386; x_wconf 83' lang='lat' dir='ltr'>relic-</span> 
     </span>
     <span class='ocr_line' id='line_1_6' title="bbox 681 1426 3589 1530; baseline 0.001 -28"><span class='ocrx_word' id='word_1_43' title='bbox 681 1439 855 1516; x_wconf 90' lang='lat' dir='ltr'>tum,</span> <span class='ocrx_word' id='word_1_44' title='bbox 895 1453 1140 1503; x_wconf 91' lang='lat' dir='ltr'>revera</span> <span class='ocrx_word' id='word_1_45' title='bbox 1195 1428 1718 1503; x_wconf 82' lang='lat' dir='ltr'>observatorem</span> <span class='ocrx_word' id='word_1_46' title='bbox 1769 1426 1894 1503; x_wconf 87' lang='lat' dir='ltr'>fibi</span> <span class='ocrx_word' id='word_1_47' title='bbox 1947 1429 2215 1520; x_wconf 87' lang='lat' dir='ltr'>datum,</span> <span class='ocrx_word' id='word_1_48' title='bbox 2254 1429 2483 1505; x_wconf 76' lang='lat' dir='ltr'>sensit.</span> <span class='ocrx_word' id='word_1_49' title='bbox 2592 1431 2871 1506; x_wconf 87' lang='lat' dir='ltr'>Paucos</span> <span class='ocrx_word' id='word_1_50' title='bbox 2906 1430 3060 1530; x_wconf 90' lang='lat' dir='ltr'>post</span> <span class='ocrx_word' id='word_1_51' title='bbox 3107 1430 3282 1518; x_wconf 77' lang='lat' dir='ltr'>dies,</span> <span class='ocrx_word' id='word_1_52' title='bbox 3319 1456 3483 1506; x_wconf 92' lang='lat' dir='ltr'>cum</span> <span class='ocrx_word' id='word_1_53' title='bbox 3517 1444 3589 1506; x_wconf 89' lang='lat' dir='ltr'>et</span> 
     </span>
     <span class='ocr_line' id='line_1_7' title="bbox 681 1545 3586 1650; baseline 0 -25"><span class='ocrx_word' id='word_1_54' title='bbox 681 1548 798 1625; x_wconf 88' lang='lat' dir='ltr'>ille</span> <span class='ocrx_word' id='word_1_55' title='bbox 832 1548 1124 1623; x_wconf 90' lang='lat' dir='ltr'>domum</span> <span class='ocrx_word' id='word_1_56' title='bbox 1158 1545 1464 1634; x_wconf 85' lang='lat' dir='ltr'>rediffet,</span> <span class='ocrx_word' id='word_1_57' title='bbox 1509 1548 1893 1649; x_wconf 85' lang='lat' dir='ltr'>Georgius,</span> <span class='ocrx_word' id='word_1_58' title='bbox 1933 1549 2200 1650; x_wconf 70' lang='lat' dir='ltr'>injecto</span> <span class='ocrx_word' id='word_1_59' title='bbox 2254 1551 2599 1636; x_wconf 88' lang='lat' dir='ltr'>sermone,</span> <span class='ocrx_word' id='word_1_60' title='bbox 2637 1551 2850 1625; x_wconf 90' lang='lat' dir='ltr'>animi</span> <span class='ocrx_word' id='word_1_61' title='bbox 2895 1553 3089 1626; x_wconf 88' lang='lat' dir='ltr'>sensa</span> <span class='ocrx_word' id='word_1_62' title='bbox 3123 1551 3586 1626; x_wconf 85' lang='lat' dir='ltr'>scrutabatur.</span> 
     </span>
     <span class='ocr_line' id='line_1_8' title="bbox 683 1667 3587 1770; baseline 0.001 -28"><span class='ocrx_word' id='word_1_63' title='bbox 683 1667 834 1755; x_wconf 89' lang='lat' dir='ltr'>Ille,</span> <span class='ocrx_word' id='word_1_64' title='bbox 870 1694 1018 1769; x_wconf 95' lang='lat' dir='ltr'>quo</span> <span class='ocrx_word' id='word_1_65' title='bbox 1053 1681 1381 1770; x_wconf 91' lang='lat' dir='ltr'>vergeret</span> <span class='ocrx_word' id='word_1_66' title='bbox 1417 1693 1706 1770; x_wconf 85' lang='lat' dir='ltr'>gnarus,</span> <span class='ocrx_word' id='word_1_67' title='bbox 1744 1681 1823 1744; x_wconf 86' lang='lat' dir='ltr'>nt</span> <span class='ocrx_word' id='word_1_68' title='bbox 1858 1695 2022 1746; x_wconf 90' lang='lat' dir='ltr'>eum</span> <span class='ocrx_word' id='word_1_69' title='bbox 2071 1671 2210 1747; x_wconf 88' lang='lat' dir='ltr'>hoc</span> <span class='ocrx_word' id='word_1_70' title='bbox 2261 1672 2454 1746; x_wconf 92' lang='lat' dir='ltr'>inani</span> <span class='ocrx_word' id='word_1_71' title='bbox 2509 1683 2702 1747; x_wconf 92' lang='lat' dir='ltr'>metu</span> <span class='ocrx_word' id='word_1_72' title='bbox 2755 1671 3107 1761; x_wconf 89' lang='lat' dir='ltr'>liberaret,</span> <span class='ocrx_word' id='word_1_73' title='bbox 3146 1669 3340 1745; x_wconf 92' lang='lat' dir='ltr'>haud</span> <span class='ocrx_word' id='word_1_74' title='bbox 3375 1696 3587 1746; x_wconf 90' lang='lat' dir='ltr'>cunc·</span> 
     </span>
     <span class='ocr_line' id='line_1_9' title="bbox 678 1788 3585 1894; baseline 0.001 -31"><span class='ocrx_word' id='word_1_75' title='bbox 678 1801 910 1864; x_wconf 88' lang='lat' dir='ltr'>tanter</span> <span class='ocrx_word' id='word_1_76' title='bbox 942 1788 1150 1864; x_wconf 89' lang='lat' dir='ltr'>fateri</span> <span class='ocrx_word' id='word_1_77' title='bbox 1187 1815 1525 1878; x_wconf 90' lang='lat' dir='ltr'>amorem,</span> <span class='ocrx_word' id='word_1_78' title='bbox 1564 1789 1686 1864; x_wconf 87' lang='lat' dir='ltr'>sed</span> <span class='ocrx_word' id='word_1_79' title='bbox 1722 1790 2010 1890; x_wconf 87' lang='lat' dir='ltr'>qualem</span> <span class='ocrx_word' id='word_1_80' title='bbox 2063 1817 2274 1867; x_wconf 90' lang='lat' dir='ltr'>nemo</span> <span class='ocrx_word' id='word_1_81' title='bbox 2312 1791 2883 1894; x_wconf 86' lang='lat' dir='ltr'>reprehenderet.</span> <span class='ocrx_word' id='word_1_82' title='bbox 2990 1790 3154 1866; x_wconf 84' lang='lat' dir='ltr'>Effe</span> <span class='ocrx_word' id='word_1_83' title='bbox 3190 1789 3336 1892; x_wconf 86' lang='lat' dir='ltr'>ipfi,</span> <span class='ocrx_word' id='word_1_84' title='bbox 3376 1790 3428 1865; x_wconf 90' lang='lat' dir='ltr'>fi</span> <span class='ocrx_word' id='word_1_85' title='bbox 3464 1791 3585 1866; x_wconf 91' lang='lat' dir='ltr'>ad-</span> 
     </span>
     <span class='ocr_line' id='line_1_10' title="bbox 676 1910 3583 2013; baseline 0.001 -31"><span class='ocrx_word' id='word_1_86' title='bbox 676 1910 1088 2002; x_wconf 88' lang='lat' dir='ltr'>lubesceret,</span> <span class='ocrx_word' id='word_1_87' title='bbox 1129 1911 1370 1985; x_wconf 91' lang='lat' dir='ltr'>omnia</span> <span class='ocrx_word' id='word_1_88' title='bbox 1404 1911 1708 2010; x_wconf 86' lang='lat' dir='ltr'>integra,</span> <span class='ocrx_word' id='word_1_89' title='bbox 1735 1910 2078 2011; x_wconf 89' lang='lat' dir='ltr'>virginem</span> <span class='ocrx_word' id='word_1_90' title='bbox 2115 1913 2438 2013; x_wconf 90' lang='lat' dir='ltr'>probam,</span> <span class='ocrx_word' id='word_1_91' title='bbox 2474 1913 2832 2013; x_wconf 91' lang='lat' dir='ltr'>pudicam,</span> <span class='ocrx_word' id='word_1_92' title='bbox 2864 1913 3103 2012; x_wconf 83' lang='lat' dir='ltr'>piam3</span> <span class='ocrx_word' id='word_1_93' title='bbox 3142 1925 3401 1986; x_wconf 86' lang='lat' dir='ltr'>caetera</span> <span class='ocrx_word' id='word_1_94' title='bbox 3436 1911 3583 2010; x_wconf 90' lang='lat' dir='ltr'>ipse</span> 
     </span>
     <span class='ocr_line' id='line_1_11' title="bbox 679 2030 3582 2135; baseline 0.001 -32"><span class='ocrx_word' id='word_1_95' title='bbox 679 2043 1057 2132; x_wconf 87' lang='lat' dir='ltr'>reputaret.</span> <span class='ocrx_word' id='word_1_96' title='bbox 1166 2030 1331 2107; x_wconf 93' lang='lat' dir='ltr'>Hoc</span> <span class='ocrx_word' id='word_1_97' title='bbox 1369 2032 1521 2106; x_wconf 84' lang='lat' dir='ltr'>erat</span> <span class='ocrx_word' id='word_1_98' title='bbox 1555 2031 1751 2132; x_wconf 91' lang='lat' dir='ltr'>quod</span> <span class='ocrx_word' id='word_1_99' title='bbox 1804 2033 2280 2131; x_wconf 79' lang='lat' dir='ltr'>quaerebatur.</span> <span class='ocrx_word' id='word_1_100' title='bbox 2389 2032 2666 2135; x_wconf 88' lang='lat' dir='ltr'>Itaque,</span> <span class='ocrx_word' id='word_1_101' title='bbox 2702 2032 2899 2109; x_wconf 86' lang='lat' dir='ltr'>miffo</span> <span class='ocrx_word' id='word_1_102' title='bbox 2942 2033 3034 2108; x_wconf 90' lang='lat' dir='ltr'>ad</span> <span class='ocrx_word' id='word_1_103' title='bbox 3070 2034 3372 2107; x_wconf 89' lang='lat' dir='ltr'>sororem</span> <span class='ocrx_word' id='word_1_104' title='bbox 3406 2057 3582 2106; x_wconf 92' lang='lat' dir='ltr'>nun·</span> 
     </span>
     <span class='ocr_line' id='line_1_12' title="bbox 677 2151 3581 2254; baseline 0 -28"><span class='ocrx_word' id='word_1_105' title='bbox 677 2153 813 2238; x_wconf 93' lang='lat' dir='ltr'>cio,</span> <span class='ocrx_word' id='word_1_106' title='bbox 850 2177 1014 2227; x_wconf 87' lang='lat' dir='ltr'>mox</span> <span class='ocrx_word' id='word_1_107' title='bbox 1048 2153 1194 2254; x_wconf 88' lang='lat' dir='ltr'>ipse</span> <span class='ocrx_word' id='word_1_108' title='bbox 1229 2151 1637 2228; x_wconf 87' lang='lat' dir='ltr'>subsecutus</span> <span class='ocrx_word' id='word_1_109' title='bbox 1672 2151 1764 2228; x_wconf 92' lang='lat' dir='ltr'>de</span> <span class='ocrx_word' id='word_1_110' title='bbox 1798 2153 2245 2229; x_wconf 91' lang='lat' dir='ltr'>matrimonio</span> <span class='ocrx_word' id='word_1_111' title='bbox 2272 2153 2637 2254; x_wconf 89' lang='lat' dir='ltr'>tranfigit;</span> <span class='ocrx_word' id='word_1_112' title='bbox 2672 2153 2911 2228; x_wconf 89' lang='lat' dir='ltr'>dotem</span> <span class='ocrx_word' id='word_1_113' title='bbox 2938 2153 3131 2228; x_wconf 86' lang='lat' dir='ltr'>haud</span> <span class='ocrx_word' id='word_1_114' title='bbox 3170 2153 3352 2228; x_wconf 89' lang='lat' dir='ltr'>adeo</span> <span class='ocrx_word' id='word_1_115' title='bbox 3382 2178 3581 2253; x_wconf 89' lang='lat' dir='ltr'>mag·</span> 
     </span>
     <span class='ocr_line' id='line_1_13' title="bbox 675 2271 3584 2375; baseline -0.001 -27"><span class='ocrx_word' id='word_1_116' title='bbox 675 2298 840 2348; x_wconf 90' lang='lat' dir='ltr'>nam</span> <span class='ocrx_word' id='word_1_117' title='bbox 869 2286 1380 2374; x_wconf 88' lang='lat' dir='ltr'>nuncupatam,</span> <span class='ocrx_word' id='word_1_118' title='bbox 1404 2274 1476 2348; x_wconf 89' lang='lat' dir='ltr'>in</span> <span class='ocrx_word' id='word_1_119' title='bbox 1505 2273 1846 2359; x_wconf 89' lang='lat' dir='ltr'>fororum,</span> <span class='ocrx_word' id='word_1_120' title='bbox 1873 2299 2051 2373; x_wconf 83' lang='lat' dir='ltr'>quas</span> <span class='ocrx_word' id='word_1_121' title='bbox 2078 2275 2536 2375; x_wconf 82' lang='lat' dir='ltr'>praeterierat‚</span> <span class='ocrx_word' id='word_1_122' title='bbox 2563 2275 2890 2375; x_wconf 85' lang='lat' dir='ltr'>gratiam,</span> <span class='ocrx_word' id='word_1_123' title='bbox 2920 2274 3235 2348; x_wconf 86' lang='lat' dir='ltr'>remittit.</span> <span class='ocrx_word' id='word_1_124' title='bbox 3310 2271 3406 2348; x_wconf 90' lang='lat' dir='ltr'>Et</span> <span class='ocrx_word' id='word_1_125' title='bbox 3429 2273 3584 2373; x_wconf 88' lang='lat' dir='ltr'>post</span> 
     </span>
     <span class='ocr_line' id='line_1_14' title="bbox 672 2392 3577 2496; baseline -0.001 -26"><span class='ocrx_word' id='word_1_126' title='bbox 672 2396 946 2496; x_wconf 88' lang='lat' dir='ltr'>aliquot</span> <span class='ocrx_word' id='word_1_127' title='bbox 1005 2421 1252 2486; x_wconf 82' lang='lat' dir='ltr'>annOS,</span> <span class='ocrx_word' id='word_1_128' title='bbox 1310 2395 1566 2470; x_wconf 91' lang='lat' dir='ltr'>eodem</span> <span class='ocrx_word' id='word_1_129' title='bbox 1606 2394 1890 2470; x_wconf 87' lang='lat' dir='ltr'>Davide</span> <span class='ocrx_word' id='word_1_130' title='bbox 1941 2395 2346 2494; x_wconf 86' lang='lat' dir='ltr'>interprete,</span> <span class='ocrx_word' id='word_1_131' title='bbox 2407 2396 2702 2471; x_wconf 92' lang='lat' dir='ltr'>alteram</span> <span class='ocrx_word' id='word_1_132' title='bbox 2761 2422 2849 2470; x_wconf 84' lang='lat' dir='ltr'>ex</span> <span class='ocrx_word' id='word_1_133' title='bbox 2901 2395 3005 2472; x_wconf 89' lang='lat' dir='ltr'>eis</span> <span class='ocrx_word' id='word_1_134' title='bbox 3054 2392 3577 2482; x_wconf 90' lang='lat' dir='ltr'>Elizabetham,</span> 
     </span>
     <span class='ocr_line' id='line_1_15' title="bbox 679 2513 3577 2617; baseline -0.001 -27"><span class='ocrx_word' id='word_1_135' title='bbox 679 2515 1007 2617; x_wconf 89' lang='lat' dir='ltr'>Philippo</span> <span class='ocrx_word' id='word_1_136' title='bbox 1069 2514 1422 2606; x_wconf 83' lang='lat' dir='ltr'>Nisbetto,</span> <span class='ocrx_word' id='word_1_137' title='bbox 1477 2514 1709 2590; x_wconf 88' lang='lat' dir='ltr'>vicino</span> <span class='ocrx_word' id='word_1_138' title='bbox 1761 2515 1888 2590; x_wconf 88' lang='lat' dir='ltr'>suo</span> <span class='ocrx_word' id='word_1_139' title='bbox 1943 2515 2014 2589; x_wconf 93' lang='lat' dir='ltr'>in</span> <span class='ocrx_word' id='word_1_140' title='bbox 2077 2513 2378 2601; x_wconf 91' lang='lat' dir='ltr'>Mercia,</span> <span class='ocrx_word' id='word_1_141' title='bbox 2432 2516 2927 2592; x_wconf 89' lang='lat' dir='ltr'>collocandam</span> <span class='ocrx_word' id='word_1_142' title='bbox 2982 2526 3205 2591; x_wconf 89' lang='lat' dir='ltr'>curat.</span> <span class='ocrx_word' id='word_1_143' title='bbox 3314 2513 3577 2600; x_wconf 88' lang='lat' dir='ltr'>David,</span> 
     </span>
     <span class='ocr_line' id='line_1_16' title="bbox 671 2635 3577 2738; baseline 0 -28"><span class='ocrx_word' id='word_1_144' title='bbox 671 2637 963 2737; x_wconf 88' lang='lat' dir='ltr'>paulum</span> <span class='ocrx_word' id='word_1_145' title='bbox 1016 2648 1357 2723; x_wconf 86' lang='lat' dir='ltr'>moratus,</span> <span class='ocrx_word' id='word_1_146' title='bbox 1392 2636 1460 2710; x_wconf 90' lang='lat' dir='ltr'>in</span> <span class='ocrx_word' id='word_1_147' title='bbox 1504 2636 1821 2712; x_wconf 87' lang='lat' dir='ltr'>Galliam</span> <span class='ocrx_word' id='word_1_148' title='bbox 1859 2661 2024 2712; x_wconf 92' lang='lat' dir='ltr'>cum</span> <span class='ocrx_word' id='word_1_149' title='bbox 2076 2635 2354 2712; x_wconf 88' lang='lat' dir='ltr'>Jacobo</span> <span class='ocrx_word' id='word_1_150' title='bbox 2396 2636 2731 2712; x_wconf 89' lang='lat' dir='ltr'>Haldano</span> <span class='ocrx_word' id='word_1_151' title='bbox 2782 2639 2935 2738; x_wconf 89' lang='lat' dir='ltr'>ejus</span> <span class='ocrx_word' id='word_1_152' title='bbox 2969 2639 3191 2712; x_wconf 89' lang='lat' dir='ltr'>fratre</span> <span class='ocrx_word' id='word_1_153' title='bbox 3246 2637 3419 2722; x_wconf 91' lang='lat' dir='ltr'>abit,</span> <span class='ocrx_word' id='word_1_154' title='bbox 3456 2637 3577 2712; x_wconf 93' lang='lat' dir='ltr'>ubi</span> 
     </span>
     <span class='ocr_line' id='line_1_17' title="bbox 669 2755 3576 2858; baseline 0 -26"><span class='ocrx_word' id='word_1_155' title='bbox 669 2757 1166 2858; x_wconf 89' lang='lat' dir='ltr'>sesquiannum</span> <span class='ocrx_word' id='word_1_156' title='bbox 1198 2757 1364 2832; x_wconf 85' lang='lat' dir='ltr'>satis</span> <span class='ocrx_word' id='word_1_157' title='bbox 1417 2755 1803 2832; x_wconf 85' lang='lat' dir='ltr'>liberaliter</span> <span class='ocrx_word' id='word_1_158' title='bbox 1859 2755 2144 2833; x_wconf 90' lang='lat' dir='ltr'>habitus</span> <span class='ocrx_word' id='word_1_159' title='bbox 2195 2757 2321 2832; x_wconf 87' lang='lat' dir='ltr'>est.</span> <span class='ocrx_word' id='word_1_160' title='bbox 2426 2757 2724 2858; x_wconf 85' lang='lat' dir='ltr'>Nuptiae</span> <span class='ocrx_word' id='word_1_161' title='bbox 2762 2769 3003 2833; x_wconf 89' lang='lat' dir='ltr'>autern</span> <span class='ocrx_word' id='word_1_162' title='bbox 3049 2759 3221 2833; x_wconf 86' lang='lat' dir='ltr'>licet</span> <span class='ocrx_word' id='word_1_163' title='bbox 3274 2757 3576 2842; x_wconf 84' lang='lat' dir='ltr'>decorae,</span> 
     </span>
     <span class='ocr_line' id='line_1_18' title="bbox 669 2877 3575 2979; baseline -0.001 -26"><span class='ocrx_word' id='word_1_164' title='bbox 669 2893 913 2953; x_wconf 87' lang='lat' dir='ltr'>tamen</span> <span class='ocrx_word' id='word_1_165' title='bbox 949 2879 1120 2979; x_wconf 90' lang='lat' dir='ltr'>quia</span> <span class='ocrx_word' id='word_1_166' title='bbox 1153 2878 1335 2953; x_wconf 85' lang='lat' dir='ltr'>infra</span> <span class='ocrx_word' id='word_1_167' title='bbox 1370 2901 1558 2972; x_wconf 89' lang='lat' dir='ltr'>eum,</span> <span class='ocrx_word' id='word_1_168' title='bbox 1599 2903 1744 2978; x_wconf 92' lang='lat' dir='ltr'>quo</span> <span class='ocrx_word' id='word_1_169' title='bbox 1780 2879 1850 2954; x_wconf 91' lang='lat' dir='ltr'>se</span> <span class='ocrx_word' id='word_1_170' title='bbox 1885 2877 2204 2978; x_wconf 87' lang='lat' dir='ltr'>gerebat,</span> <span class='ocrx_word' id='word_1_171' title='bbox 2244 2879 2481 2954; x_wconf 90' lang='lat' dir='ltr'>locum</span> <span class='ocrx_word' id='word_1_172' title='bbox 2507 2877 2954 2963; x_wconf 90' lang='lat' dir='ltr'>videbantur,</span> <span class='ocrx_word' id='word_1_173' title='bbox 2981 2878 3175 2953; x_wconf 90' lang='lat' dir='ltr'>varie</span> <span class='ocrx_word' id='word_1_174' title='bbox 3210 2878 3575 2952; x_wconf 87' lang='lat' dir='ltr'>hominum</span> 
     </span>
     <span class='ocr_line' id='line_1_19' title="bbox 672 2996 3575 3099; baseline -0.002 -24"><span class='ocrx_word' id='word_1_175' title='bbox 672 2999 1108 3075; x_wconf 87' lang='lat' dir='ltr'>sermonibus</span> <span class='ocrx_word' id='word_1_176' title='bbox 1143 2998 1719 3099; x_wconf 83' lang='lat' dir='ltr'>excipiebantur3</span> <span class='ocrx_word' id='word_1_177' title='bbox 1753 2999 2110 3098; x_wconf 86' lang='lat' dir='ltr'>praecipue</span> <span class='ocrx_word' id='word_1_178' title='bbox 2144 3000 2426 3099; x_wconf 81' lang='lat' dir='ltr'>protegi</span> <span class='ocrx_word' id='word_1_179' title='bbox 2460 2999 2673 3099; x_wconf 90' lang='lat' dir='ltr'>plane</span> <span class='ocrx_word' id='word_1_180' title='bbox 2708 2998 3143 3098; x_wconf 87' lang='lat' dir='ltr'>displicuere,</span> <span class='ocrx_word' id='word_1_181' title='bbox 3184 2996 3378 3097; x_wconf 88' lang='lat' dir='ltr'>quod</span> <span class='ocrx_word' id='word_1_182' title='bbox 3413 3021 3575 3072; x_wconf 91' lang='lat' dir='ltr'>cum</span> 
     </span>
     <span class='ocr_line' id='line_1_20' title="bbox 673 3118 3575 3221; baseline -0.001 -27"><span class='ocrx_word' id='word_1_183' title='bbox 673 3121 911 3221; x_wconf 89' lang='lat' dir='ltr'>aliquo</span> <span class='ocrx_word' id='word_1_184' title='bbox 947 3146 988 3195; x_wconf 94' lang='lat' dir='ltr'>e</span> <span class='ocrx_word' id='word_1_185' title='bbox 1023 3120 1248 3220; x_wconf 88' lang='lat' dir='ltr'>prima</span> <span class='ocrx_word' id='word_1_186' title='bbox 1285 3120 1656 3198; x_wconf 88' lang='lat' dir='ltr'>nobilitate</span> <span class='ocrx_word' id='word_1_187' title='bbox 1690 3120 2104 3195; x_wconf 87' lang='lat' dir='ltr'>affinitatem</span> <span class='ocrx_word' id='word_1_188' title='bbox 2134 3144 2274 3195; x_wconf 92' lang='lat' dir='ltr'>non</span> <span class='ocrx_word' id='word_1_189' title='bbox 2301 3121 2660 3220; x_wconf 75' lang='lat' dir='ltr'>junxisset.</span> <span class='ocrx_word' id='word_1_190' title='bbox 2755 3120 3038 3195; x_wconf 88' lang='lat' dir='ltr'>Tamen</span> <span class='ocrx_word' id='word_1_191' title='bbox 3066 3120 3344 3196; x_wconf 88' lang='lat' dir='ltr'>comitis</span> <span class='ocrx_word' id='word_1_192' title='bbox 3382 3118 3575 3194; x_wconf 88' lang='lat' dir='ltr'>Mar-</span> 
     </span>
     <span class='ocr_line' id='line_1_21' title="bbox 673 3238 3661 3341; baseline -0.001 -25"><span class='ocrx_word' id='word_1_193' title='bbox 673 3245 793 3316; x_wconf 79' lang='lat' dir='ltr'>riae</span> <span class='ocrx_word' id='word_1_194' title='bbox 851 3241 1216 3331; x_wconf 84' lang='lat' dir='ltr'>familiam,</span> <span class='ocrx_word' id='word_1_195' title='bbox 1283 3241 1473 3320; x_wconf 86' lang='lat' dir='ltr'>unde</span> <span class='ocrx_word' id='word_1_196' title='bbox 1527 3241 1768 3340; x_wconf 90' lang='lat' dir='ltr'>puella</span> <span class='ocrx_word' id='word_1_197' title='bbox 1817 3240 2118 3316; x_wconf 90' lang='lat' dir='ltr'>oriunda</span> <span class='ocrx_word' id='word_1_198' title='bbox 2169 3252 2342 3331; x_wconf 84' lang='lat' dir='ltr'>erat,</span> <span class='ocrx_word' id='word_1_199' title='bbox 2406 3240 2532 3316; x_wconf 88' lang='lat' dir='ltr'>fibi</span> <span class='ocrx_word' id='word_1_200' title='bbox 2594 3239 2927 3332; x_wconf 88' lang='lat' dir='ltr'>devinxit,</span> <span class='ocrx_word' id='word_1_201' title='bbox 2986 3240 3231 3341; x_wconf 88' lang='lat' dir='ltr'>illique</span> <span class='ocrx_word' id='word_1_202' title='bbox 3286 3238 3569 3315; x_wconf 88' lang='lat' dir='ltr'>viciffim</span> <span class='ocrx_word' id='word_1_203' title='bbox 3653 3265 3661 3273; x_wconf 93' lang='lat'>·</span> 
     </span>
     <span class='ocr_line' id='line_1_22' title="bbox 611 3359 3571 3462; baseline -0 -26"><span class='ocrx_word' id='word_1_204' title='bbox 611 3407 619 3417; x_wconf 95' lang='lat'><em>-</em></span> <span class='ocrx_word' id='word_1_205' title='bbox 669 3363 1002 3438; x_wconf 89' lang='lat' dir='ltr'>devotum</span> <span class='ocrx_word' id='word_1_206' title='bbox 1032 3363 1102 3436; x_wconf 90' lang='lat' dir='ltr'>se</span> <span class='ocrx_word' id='word_1_207' title='bbox 1129 3361 1385 3438; x_wconf 88' lang='lat' dir='ltr'>exinde</span> <span class='ocrx_word' id='word_1_208' title='bbox 1420 3363 1692 3461; x_wconf 88' lang='lat' dir='ltr'>semper</span> <span class='ocrx_word' id='word_1_209' title='bbox 1725 3359 2050 3452; x_wconf 89' lang='lat' dir='ltr'>ostendit,</span> <span class='ocrx_word' id='word_1_210' title='bbox 2088 3361 2532 3462; x_wconf 87' lang='lat' dir='ltr'>primamque</span> <span class='ocrx_word' id='word_1_211' title='bbox 2561 3360 3127 3437; x_wconf 85' lang='lat' dir='ltr'>benevolentiam</span> <span class='ocrx_word' id='word_1_212' title='bbox 3163 3387 3250 3436; x_wconf 93' lang='lat' dir='ltr'>ac</span> <span class='ocrx_word' id='word_1_213' title='bbox 3282 3385 3571 3462; x_wconf 88' lang='lat' dir='ltr'>operam</span> 
     </span>
     <span class='ocr_line' id='line_1_23' title="bbox 668 3480 3575 3582; baseline -0 -26"><span class='ocrx_word' id='word_1_214' title='bbox 668 3482 862 3558; x_wconf 88' lang='lat' dir='ltr'>suam</span> <span class='ocrx_word' id='word_1_215' title='bbox 914 3482 1348 3558; x_wconf 88' lang='lat' dir='ltr'>monstrandi</span> <span class='ocrx_word' id='word_1_216' title='bbox 1402 3480 1845 3559; x_wconf 73' lang='lat' dir='ltr'>occasionem</span> <span class='ocrx_word' id='word_1_217' title='bbox 1900 3480 2104 3557; x_wconf 90' lang='lat' dir='ltr'>avide</span> <span class='ocrx_word' id='word_1_218' title='bbox 2161 3482 2454 3582; x_wconf 86' lang='lat' dir='ltr'>arripuit</span> <span class='ocrx_word' id='word_1_219' title='bbox 2512 3482 2586 3558; x_wconf 90' lang='lat' dir='ltr'>in</span> <span class='ocrx_word' id='word_1_220' title='bbox 2638 3507 2747 3571; x_wconf 88' lang='lat' dir='ltr'>ea,</span> <span class='ocrx_word' id='word_1_221' title='bbox 2800 3507 2962 3582; x_wconf 84' lang='lat' dir='ltr'>quae</span> <span class='ocrx_word' id='word_1_222' title='bbox 2999 3481 3270 3557; x_wconf 90' lang='lat' dir='ltr'>Marrio</span> <span class='ocrx_word' id='word_1_223' title='bbox 3327 3493 3575 3557; x_wconf 89' lang='lat' dir='ltr'>contra</span> 
     </span>
     <span class='ocr_line' id='line_1_24' title="bbox 669 3601 3563 3704; baseline -0.001 -26"><span class='ocrx_word' id='word_1_224' title='bbox 669 3603 1016 3679; x_wconf 89' lang='lat' dir='ltr'>Gramum</span> <span class='ocrx_word' id='word_1_225' title='bbox 1048 3602 1377 3679; x_wconf 85' lang='lat' dir='ltr'>Tarchiae</span> <span class='ocrx_word' id='word_1_226' title='bbox 1415 3601 1590 3704; x_wconf 87' lang='lat' dir='ltr'>(five</span> <span class='ocrx_word' id='word_1_227' title='bbox 1627 3601 2026 3702; x_wconf 88' lang='lat' dir='ltr'>Montethi)</span> <span class='ocrx_word' id='word_1_228' title='bbox 2063 3603 2400 3678; x_wconf 88' lang='lat' dir='ltr'>comitem</span> <span class='ocrx_word' id='word_1_229' title='bbox 2433 3615 2608 3690; x_wconf 91' lang='lat' dir='ltr'>erat,</span> <span class='ocrx_word' id='word_1_230' title='bbox 2644 3604 2793 3690; x_wconf 89' lang='lat' dir='ltr'>lite,</span> <span class='ocrx_word' id='word_1_231' title='bbox 2828 3629 3015 3693; x_wconf 91' lang='lat' dir='ltr'>cum,</span> <span class='ocrx_word' id='word_1_232' title='bbox 3054 3613 3149 3676; x_wconf 65' lang='lat' dir='ltr'>ut‘</span> <span class='ocrx_word' id='word_1_233' title='bbox 3170 3603 3237 3678; x_wconf 88' lang='lat' dir='ltr'>ei</span> <span class='ocrx_word' id='word_1_234' title='bbox 3274 3601 3563 3692; x_wconf 85' lang='lat' dir='ltr'>adeffet,</span> 
     </span>
     <span class='ocr_line' id='line_1_25' title="bbox 667 3721 3571 3824; baseline -0.001 -24"><span class='ocrx_word' id='word_1_235' title='bbox 667 3723 1003 3814; x_wconf 90' lang='lat' dir='ltr'>Edinum,</span> <span class='ocrx_word' id='word_1_236' title='bbox 1044 3725 1422 3824; x_wconf 89' lang='lat' dir='ltr'>conspicua</span> <span class='ocrx_word' id='word_1_237' title='bbox 1472 3722 1810 3798; x_wconf 90' lang='lat' dir='ltr'>clientum</span> <span class='ocrx_word' id='word_1_238' title='bbox 1843 3745 2059 3798; x_wconf 91' lang='lat' dir='ltr'>manu</span> <span class='ocrx_word' id='word_1_239' title='bbox 2095 3724 2497 3812; x_wconf 87' lang='lat' dir='ltr'>comitatus,</span> <span class='ocrx_word' id='word_1_240' title='bbox 2548 3722 2858 3813; x_wconf 71' lang='lat' dir='ltr'>venisset,</span> <span class='ocrx_word' id='word_1_241' title='bbox 2898 3748 3042 3798; x_wconf 92' lang='lat' dir='ltr'>non</span> <span class='ocrx_word' id='word_1_242' title='bbox 3094 3721 3361 3823; x_wconf 88' lang='lat' dir='ltr'>absque</span> <span class='ocrx_word' id='word_1_243' title='bbox 3411 3748 3571 3822; x_wconf 91' lang='lat' dir='ltr'>pro·</span> 
     </span>
     <span class='ocr_line' id='line_1_26' title="bbox 666 3831 2302 3946; baseline -0.001 -29"><span class='ocrx_word' id='word_1_244' title='bbox 666 3846 854 3946; x_wconf 85' lang='lat' dir='ltr'>regis</span> <span class='ocrx_word' id='word_1_245' title='bbox 888 3843 1377 3944; x_wconf 85' lang='lat' dir='ltr'>indignatione</span> <span class='ocrx_word' id='word_1_246' title='bbox 1403 3842 1767 3919; x_wconf 91' lang='lat' dir='ltr'>nonnulla.</span> <span class='ocrx_word' id='word_1_247' title='bbox 2294 3831 2302 3844; x_wconf 88' lang='grc'>’</span> 
     </span>
    </p>

    <p class='ocr_par' dir='ltr' id='par_1_3' title="bbox 637 3961 3569 5030">
     <span class='ocr_line' id='line_1_27' title="bbox 767 3961 3565 4066; baseline 0 -26"><span class='ocrx_word' id='word_1_248' title='bbox 767 3964 1178 4040; x_wconf 88' lang='lat' dir='ltr'>Obvenerat</span> <span class='ocrx_word' id='word_1_249' title='bbox 1212 3963 1394 4039; x_wconf 90' lang='lat' dir='ltr'>inter</span> <span class='ocrx_word' id='word_1_250' title='bbox 1427 3987 1554 4038; x_wconf 88' lang='lat' dir='ltr'>eos</span> <span class='ocrx_word' id='word_1_251' title='bbox 1588 3961 1874 4038; x_wconf 84' lang='lat' dir='ltr'>offenfio</span> <span class='ocrx_word' id='word_1_252' title='bbox 1908 3961 2045 4038; x_wconf 90' lang='lat' dir='ltr'>hac</span> <span class='ocrx_word' id='word_1_253' title='bbox 2084 3961 2501 4053; x_wconf 82' lang='lat' dir='ltr'>occafione3</span> <span class='ocrx_word' id='word_1_254' title='bbox 2550 3989 2809 4066; x_wconf 84' lang='lat' dir='ltr'>prorex</span> <span class='ocrx_word' id='word_1_255' title='bbox 2852 3962 3142 4038; x_wconf 86' lang='lat' dir='ltr'>Annam</span> <span class='ocrx_word' id='word_1_256' title='bbox 3198 3962 3565 4055; x_wconf 88' lang='lat' dir='ltr'>Humiam,</span> 
     </span>
     <span class='ocr_line' id='line_1_28' title="bbox 673 4082 3569 4186; baseline 0 -26"><span class='ocrx_word' id='word_1_257' title='bbox 673 4086 876 4186; x_wconf 85' lang='lat' dir='ltr'>Spoti</span> <span class='ocrx_word' id='word_1_258' title='bbox 912 4085 1292 4176; x_wconf 85' lang='lat' dir='ltr'>haeredem,</span> <span class='ocrx_word' id='word_1_259' title='bbox 1333 4082 1612 4160; x_wconf 87' lang='lat' dir='ltr'>Jacobo</span> <span class='ocrx_word' id='word_1_260' title='bbox 1646 4083 1791 4158; x_wconf 89' lang='lat' dir='ltr'>filio</span> <span class='ocrx_word' id='word_1_261' title='bbox 1825 4083 1950 4158; x_wconf 89' lang='lat' dir='ltr'>suo</span> <span class='ocrx_word' id='word_1_262' title='bbox 2000 4083 2244 4174; x_wconf 87' lang='lat' dir='ltr'>notho,</span> <span class='ocrx_word' id='word_1_263' title='bbox 2303 4082 2751 4159; x_wconf 89' lang='lat' dir='ltr'>matrimonio</span> <span class='ocrx_word' id='word_1_264' title='bbox 2799 4084 3159 4184; x_wconf 85' lang='lat' dir='ltr'>junxerat,</span> <span class='ocrx_word' id='word_1_265' title='bbox 3196 4093 3569 4184; x_wconf 87' lang='lat' dir='ltr'>totumque</span> 
     </span>
     <span class='ocr_line' id='line_1_29' title="bbox 660 4203 3563 4306; baseline -0 -26"><span class='ocrx_word' id='word_1_266' title='bbox 660 4205 878 4280; x_wconf 89' lang='lat' dir='ltr'>soceri</span> <span class='ocrx_word' id='word_1_267' title='bbox 914 4205 1438 4306; x_wconf 82' lang='lat' dir='ltr'>patrimonium,</span> <span class='ocrx_word' id='word_1_268' title='bbox 1473 4204 1629 4305; x_wconf 90' lang='lat' dir='ltr'>post</span> <span class='ocrx_word' id='word_1_269' title='bbox 1661 4203 1871 4304; x_wconf 88' lang='lat' dir='ltr'>ipfius</span> <span class='ocrx_word' id='word_1_270' title='bbox 1905 4203 2202 4289; x_wconf 90' lang='lat' dir='ltr'>obitum,</span> <span class='ocrx_word' id='word_1_271' title='bbox 2238 4228 2506 4304; x_wconf 87' lang='lat' dir='ltr'>genero</span> <span class='ocrx_word' id='word_1_272' title='bbox 2562 4203 2951 4279; x_wconf 74' lang='lat' dir='ltr'>successuro</span> <span class='ocrx_word' id='word_1_273' title='bbox 3006 4216 3563 4302; x_wconf 89' lang='lat' dir='ltr'>comparaverat.</span> 
     </span>
     <span class='ocr_line' id='line_1_30' title="bbox 665 4321 3561 4424; baseline -0.001 -23"><span class='ocrx_word' id='word_1_274' title='bbox 665 4325 940 4401; x_wconf 87' lang='lat' dir='ltr'>Inceffit</span> <span class='ocrx_word' id='word_1_275' title='bbox 960 4325 1124 4400; x_wconf 92' lang='lat' dir='ltr'>inde</span> <span class='ocrx_word' id='word_1_276' title='bbox 1145 4325 1366 4400; x_wconf 92' lang='lat' dir='ltr'>libido</span> <span class='ocrx_word' id='word_1_277' title='bbox 1393 4324 1871 4399; x_wconf 88' lang='lat' dir='ltr'>Thurstonum</span> <span class='ocrx_word' id='word_1_278' title='bbox 1897 4347 2171 4424; x_wconf 88' lang='lat' dir='ltr'>agrum,</span> <span class='ocrx_word' id='word_1_279' title='bbox 2205 4322 2755 4399; x_wconf 89' lang='lat' dir='ltr'>Wedderburnii</span> <span class='ocrx_word' id='word_1_280' title='bbox 2777 4322 3285 4424; x_wconf 82' lang='lat' dir='ltr'>poffeffionem,</span> <span class='ocrx_word' id='word_1_281' title='bbox 3305 4321 3561 4415; x_wconf 89' lang='lat' dir='ltr'>eidem,</span> 
     </span>
     <span class='ocr_line' id='line_1_31' title="bbox 661 4442 3563 4547; baseline -0.001 -25"><span class='ocrx_word' id='word_1_282' title='bbox 661 4447 831 4547; x_wconf 90' lang='lat' dir='ltr'>quia</span> <span class='ocrx_word' id='word_1_283' title='bbox 865 4446 1343 4521; x_wconf 87' lang='lat' dir='ltr'>conterminus</span> <span class='ocrx_word' id='word_1_284' title='bbox 1377 4457 1550 4535; x_wconf 89' lang='lat' dir='ltr'>erat,</span> <span class='ocrx_word' id='word_1_285' title='bbox 1590 4444 2005 4546; x_wconf 88' lang='lat' dir='ltr'>adjungere.</span> <span class='ocrx_word' id='word_1_286' title='bbox 2115 4443 2435 4545; x_wconf 89' lang='lat' dir='ltr'>Georgio</span> <span class='ocrx_word' id='word_1_287' title='bbox 2472 4469 2645 4546; x_wconf 87' lang='lat' dir='ltr'>ergo</span> <span class='ocrx_word' id='word_1_288' title='bbox 2678 4444 2923 4533; x_wconf 88' lang='lat' dir='ltr'>insci0,</span> <span class='ocrx_word' id='word_1_289' title='bbox 2960 4469 3005 4520; x_wconf 91' lang='lat' dir='ltr'>a</span> <span class='ocrx_word' id='word_1_290' title='bbox 3041 4442 3255 4518; x_wconf 91' lang='lat' dir='ltr'>Valla</span> <span class='ocrx_word' id='word_1_291' title='bbox 3294 4442 3563 4546; x_wconf 87' lang='lat' dir='ltr'>Cragio</span> 
     </span>
     <span class='ocr_line' id='line_1_32' title="bbox 659 4564 3562 4669; baseline -0.001 -27"><span class='ocrx_word' id='word_1_292' title='bbox 659 4569 971 4660; x_wconf 79' lang='lat' dir='ltr'>coemit3</span> <span class='ocrx_word' id='word_1_293' title='bbox 1011 4593 1104 4643; x_wconf 89' lang='lat' dir='ltr'>ac</span> <span class='ocrx_word' id='word_1_294' title='bbox 1138 4567 1384 4669; x_wconf 92' lang='lat' dir='ltr'>postea</span> <span class='ocrx_word' id='word_1_295' title='bbox 1419 4564 1779 4654; x_wconf 90' lang='lat' dir='ltr'>accerfito,</span> <span class='ocrx_word' id='word_1_296' title='bbox 1815 4565 1988 4666; x_wconf 92' lang='lat' dir='ltr'>quid</span> <span class='ocrx_word' id='word_1_297' title='bbox 2020 4565 2311 4656; x_wconf 84' lang='lat' dir='ltr'>feciffet,</span> <span class='ocrx_word' id='word_1_298' title='bbox 2351 4577 2627 4653; x_wconf 72' lang='lat' dir='ltr'>narrat,</span> <span class='ocrx_word' id='word_1_299' title='bbox 2646 4566 3205 4665; x_wconf 87' lang='lat' dir='ltr'>interrogatque,</span> <span class='ocrx_word' id='word_1_300' title='bbox 3242 4588 3388 4666; x_wconf 89' lang='lat' dir='ltr'>quo</span> <span class='ocrx_word' id='word_1_301' title='bbox 3439 4589 3562 4664; x_wconf 89' lang='lat' dir='ltr'>po-</span> 
     </span>
     <span class='ocr_line' id='line_1_33' title="bbox 657 4684 3559 4788; baseline -0 -27"><span class='ocrx_word' id='word_1_302' title='bbox 657 4687 988 4764; x_wconf 87' lang='lat' dir='ltr'>tiffimum</span> <span class='ocrx_word' id='word_1_303' title='bbox 1044 4688 1284 4777; x_wconf 91' lang='lat' dir='ltr'>modo,</span> <span class='ocrx_word' id='word_1_304' title='bbox 1324 4688 1391 4763; x_wconf 92' lang='lat' dir='ltr'>ei</span> <span class='ocrx_word' id='word_1_305' title='bbox 1443 4686 1712 4788; x_wconf 88' lang='lat' dir='ltr'>optime</span> <span class='ocrx_word' id='word_1_306' title='bbox 1747 4687 2072 4763; x_wconf 89' lang='lat' dir='ltr'>satiffiere</span> <span class='ocrx_word' id='word_1_307' title='bbox 2132 4685 2354 4786; x_wconf 88' lang='lat' dir='ltr'>poffit.</span> <span class='ocrx_word' id='word_1_308' title='bbox 2458 4685 2589 4762; x_wconf 90' lang='lat' dir='ltr'>Ille</span> <span class='ocrx_word' id='word_1_309' title='bbox 2643 4684 2816 4760; x_wconf 90' lang='lat' dir='ltr'>nihil</span> <span class='ocrx_word' id='word_1_310' title='bbox 2870 4685 3272 4774; x_wconf 70' lang='lat' dir='ltr'>cunctatus,</span> <span class='ocrx_word' id='word_1_311' title='bbox 3316 4685 3559 4772; x_wconf 89' lang='lat' dir='ltr'>“ita,”</span> 
     </span>
     <span class='ocr_line' id='line_1_34' title="bbox 655 4806 3559 4909; baseline -0.001 -27"><span class='ocrx_word' id='word_1_312' title='bbox 655 4808 904 4908; x_wconf 91' lang='lat' dir='ltr'>inquit,</span> <span class='ocrx_word' id='word_1_313' title='bbox 935 4807 1046 4883; x_wconf 81' lang='lat' dir='ltr'>“fi</span> <span class='ocrx_word' id='word_1_314' title='bbox 1067 4807 1364 4884; x_wconf 85' lang='lat' dir='ltr'>fundum</span> <span class='ocrx_word' id='word_1_315' title='bbox 1387 4807 1559 4884; x_wconf 90' lang='lat' dir='ltr'>mihi</span> <span class='ocrx_word' id='word_1_316' title='bbox 1582 4808 1870 4884; x_wconf 79' lang='lat' dir='ltr'>cedaS.”</span> <span class='ocrx_word' id='word_1_317' title='bbox 1926 4807 2217 4909; x_wconf 88' lang='lat' dir='ltr'>“Atqui</span> <span class='ocrx_word' id='word_1_318' title='bbox 2240 4810 2482 4900; x_wconf 88' lang='lat' dir='ltr'>eum‚”</span> <span class='ocrx_word' id='word_1_319' title='bbox 2504 4807 2735 4907; x_wconf 90' lang='lat' dir='ltr'>inquit</span> <span class='ocrx_word' id='word_1_320' title='bbox 2757 4831 3035 4908; x_wconf 91' lang='lat' dir='ltr'>prorex,</span> <span class='ocrx_word' id='word_1_321' title='bbox 3064 4831 3205 4907; x_wconf 89' lang='lat' dir='ltr'>ego</span> <span class='ocrx_word' id='word_1_322' title='bbox 3219 4807 3367 4906; x_wconf 90' lang='lat' dir='ltr'>jam</span> <span class='ocrx_word' id='word_1_323' title='bbox 3395 4806 3559 4880; x_wconf 90' lang='lat' dir='ltr'>emi.</span> 
     </span>
     <span class='ocr_line' id='line_1_35' title="bbox 637 4925 3557 5030; baseline -0.001 -25"><span class='ocrx_word' id='word_1_324' title='bbox 637 4940 708 4988; x_wconf 83' lang='lat'>-“</span> <span class='ocrx_word' id='word_1_325' title='bbox 733 4929 956 5030; x_wconf 88' lang='lat' dir='ltr'>Atqui</span> <span class='ocrx_word' id='word_1_326' title='bbox 992 4933 1147 5019; x_wconf 88' lang='lat' dir='ltr'>tu,”</span> <span class='ocrx_word' id='word_1_327' title='bbox 1184 4928 1423 5006; x_wconf 88' lang='lat' dir='ltr'>retulit</span> <span class='ocrx_word' id='word_1_328' title='bbox 1449 4929 1589 5018; x_wconf 88' lang='lat' dir='ltr'>ille,</span> <span class='ocrx_word' id='word_1_329' title='bbox 1631 4937 1681 4978; x_wconf 87' lang='lat'>“</span> <span class='ocrx_word' id='word_1_330' title='bbox 1706 4951 1850 5004; x_wconf 89' lang='lat' dir='ltr'>non</span> <span class='ocrx_word' id='word_1_331' title='bbox 1877 4928 2076 5010; x_wconf 68' lang='lat' dir='ltr'>recte</span> <span class='ocrx_word' id='word_1_332' title='bbox 2097 4929 2263 5006; x_wconf 87' lang='lat' dir='ltr'>satis</span> <span class='ocrx_word' id='word_1_333' title='bbox 2287 4927 2557 5022; x_wconf 90' lang='lat' dir='ltr'>fecesti,</span> <span class='ocrx_word' id='word_1_334' title='bbox 2587 4953 2715 5030; x_wconf 89' lang='lat' dir='ltr'>pro</span> <span class='ocrx_word' id='word_1_335' title='bbox 2742 4953 2851 5023; x_wconf 87' lang='lat' dir='ltr'>ea,</span> <span class='ocrx_word' id='word_1_336' title='bbox 2883 4951 3045 5029; x_wconf 74' lang='lat' dir='ltr'>quae</span> <span class='ocrx_word' id='word_1_337' title='bbox 3072 4927 3252 5004; x_wconf 90' lang='lat' dir='ltr'>inter</span> <span class='ocrx_word' id='word_1_338' title='bbox 3276 4951 3407 5002; x_wconf 89' lang='lat' dir='ltr'>nos</span> <span class='ocrx_word' id='word_1_339' title='bbox 3434 4925 3557 5016; x_wconf 86' lang='lat' dir='ltr'>est,</span> 
     </span>
    </p>
   </div>
  </div>
 </body>
</html>
