4575 6042
961 783 1054 852 38
1879 773 2043 894 DE,
2081 771 2535 849 FAMILIA
2593 769 2953 850 HUMIA

961 986 1232 1063 manfit.
1343 985 1536 1074 Quin
1571 995 1644 1060 et
1678 985 1826 1086 ipsa
1869 985 2147 1077 rudera,
2186 985 2559 1086 egregium
2607 985 2774 1061 fidei
2823 986 2896 1060 in
2951 985 3255 1086 patriam
3290 997 3364 1060 et
3410 984 3871 1062 honorificum

966 1118 1525 1198 monumentum,
1596 1131 1830 1208 eoque
1895 1107 2186 1182 nomine
2252 1106 2547 1207 posteris
2613 1107 2832 1181 etiam
2888 1105 3290 1206 jucundum
3358 1106 3874 1207 speetaculum,

973 1227 1273 1328 Georgii
1307 1228 1495 1302 tertii
1529 1239 1870 1328 tempore,
1907 1225 2119 1327 hujus
2154 1227 2459 1327 nepotis,
2494 1227 2781 1304 visenda
2815 1226 3210 1302 exstabant.
3318 1226 3519 1303 Idem
3554 1226 3876 1329 perpefl'a

969 1350 1203 1424 fratris
1239 1347 1533 1423 Joannis
1570 1373 1694 1424 arx
1730 1347 2133 1435 Blacadari,
2169 1347 2361 1423 idem
2396 1345 2729 1438 Nisbetti,
2759 1347 2881 1447 qui
2918 1372 3007 1422 ex
3040 1347 3226 1422 illius
3262 1348 3508 1424 amicis
3541 1359 3716 1434 erat,
3752 1373 3876 1424 arx

972 1469 1434 1570 cognominiS,
1473 1469 1664 1545 idem
1703 1467 2041 1559 Poluarfi,
2097 1493 2260 1568 quae
2316 1467 2695 1544 Rid-braes
2748 1478 3223 1569 nuncupatur.
3329 1468 3645 1569 Aytonia
3680 1481 3871 1557 ante,

975 1589 1252 1665 Jacobo
1307 1601 1563 1690 quarto
1613 1589 2001 1691 superstite,
2037 1588 2271 1663 diruta
2320 1589 2577 1679 fuerat,
2617 1600 2690 1664 et
2738 1597 2933 1680 tunc,
2989 1601 3187 1690 put0,
3226 1588 3499 1665 Dunfia
3556 1589 3877 1690 quaffata

979 1709 1347 1809 paululum
1380 1711 1449 1785 vi
1483 1710 1811 1810 pulveris,
1849 1709 2041 1785 stetit
2075 1721 2341 1784 tamen.
2422 1707 2712 1784 Humiae
2750 1709 3148 1811 Anglorum
3184 1708 3580 1812 praefidium
3602 1709 3875 1810 imposi-

978 1847 1126 1907 tum
1163 1831 1288 1919 est,
1325 1843 1600 1908 caeterae
1634 1858 1760 1933 per
1797 1832 2146 1907 Merciam
2200 1831 2273 1905 in
2328 1830 2635 1906 hostium
2688 1831 2901 1907 fidem
2935 1833 3011 1908 se
3066 1831 3353 1919 dedere,
3406 1843 3480 1908 et
3532 1831 3878 1908 tributarii

973 1953 1155 2028 facti
1188 1952 1346 2027 sunt
1381 1978 1625 2028 earum
1661 1953 1954 2028 domini.
2064 1951 2189 2027 Ille
2223 1950 2427 2038 liber,
2462 1950 2583 2026 ubi
2620 1951 2970 2028 exercitus
3003 1952 3294 2043 receffit‚
3335 1951 3428 2028 ad
3464 1952 3877 2054 qualescun-

977 2100 1117 2174 que
1153 2075 1493 2175 reliquias
1525 2074 1754 2164 rediit,
1802 2084 1875 2149 et
1924 2073 2143 2148 ruinis
2199 2086 2564 2174 utcunque
2615 2073 2980 2173 reparatiS,
3046 2075 3455 2175 caeterisque
3505 2073 3878 2160 turriculis,

973 2219 1135 2294 quae
1171 2194 1464 2270 intadtae
1515 2207 1716 2270 erant
1768 2207 1840 2270 et
1890 2194 2212 2295 integrae,
2247 2192 2521 2284 insedit,
2564 2220 2649 2269 ac
2685 2193 2903 2279 bello,
2942 2219 3087 2294 qua
3121 2193 3374 2295 potuit,
3429 2195 3687 2272 instare
3720 2221 3875 2297 per-

979 2317 1182 2400 rexit,
1218 2339 1354 2390 nec
1387 2339 1640 2416 pacem
1677 2314 1993 2415 iniquam
2028 2326 2154 2390 aut
2187 2313 2509 2390 inducias
2542 2314 2780 2390 facere
2814 2314 3153 2406 sustinuit,
3190 2316 3360 2416 quin
3396 2316 3467 2391 se
3502 2327 3731 2391 totum
3782 2328 3879 2402 et,

979 2459 1140 2510 cum
1176 2435 1348 2510 nihil
1383 2434 1626 2535 pofl'et,
1665 2435 1856 2511 dulci
1890 2435 2108 2511 vitam
2161 2436 2409 2536 patriae
2444 2435 2809 2535 impendit.
2914 2434 3111 2512 Nam
3164 2436 3319 2548 post
3364 2461 3626 2514 annum
3663 2462 3879 2528 unum

978 2569 1102 2630 aut
1138 2555 1464 2642 alterum,
1496 2557 1569 2630 in
1601 2556 1895 2631 fortuito
1931 2555 2290 2647 conflictu,
2330 2554 2697 2630 hostibus
2678 2556 2931 2656 lmpari
2981 2581 3277 2631 numero
3328 2557 3759 2659 congreffus,
3792 2583 3877 2634 ac

978 2677 1384 2752 vulneratus
1443 2677 1514 2751 in
1574 2700 1819 2752 eorum
1873 2677 2298 2788 potestatem
2346 2675 2563 2752 venit.
2670 2674 2866 2751 Dum
2918 2675 3218 2768 ducitur,
3257 2702 3303 2752 a
3343 2677 3615 2765 Selbio,
3665 2703 3880 2780 quem

979 2798 1306 2884 diximuS,
1341 2797 1526 2872 clam
1578 2797 1982 2873 admonitus
2033 2797 2173 2873 effe
2207 2821 2495 2899 equum,
2534 2796 2651 2872 cui
2705 2795 3069 2898 impofitus
3103 2807 3279 2884 erat,
3313 2797 3875 2900 perniciffimum,

979 2919 1171 3020 poffe
1207 2918 1531 3009 evadere,
1567 2917 1619 2992 fi
1654 2944 1695 2994 e
1732 2919 2058 2994 manibus
2110 2917 2429 2994 ductoris
2479 2917 2666 2994 elabi
2717 2916 2941 3018 poffit‚
2990 2917 3137 3004 ille,
3187 2942 3349 2994 cum
3399 2919 3879 3020 negligentius

979 3039 1488 3126 observaretur,
1539 3040 1611 3114 in
1661 3040 1848 3115 viam
1902 3038 1974 3115 fe
2029 3037 2176 3129 dat,
2231 3051 2303 3114 et
2352 3039 2504 3138 jam
2564 3039 2882 3140 paffuum
2935 3038 3079 3113 duo
3135 3038 3379 3130 millia,
3423 3039 3883 3142 sequentibus

987 3161 1266 3262 Augus,
1306 3161 1706 3250 conficerat,
1746 3184 1931 3248 cum,
1970 3171 2051 3234 ut
2097 3184 2360 3260 equum
2397 3159 2711 3261 pondere
2748 3159 3198 3236 deficientem
3232 3161 3471 3261 aliqua
3504 3161 3752 3264 saltem
3783 3163 3883 3238 le-

981 3293 1199 3373 varet,
1237 3280 1480 3356 sellam
1515 3280 1847 3381 abjicere,
1884 3279 2079 3380 quod
2128 3279 2531 3366 limitaneis,
2575 3299 2763 3382 equo
2814 3295 3163 3367 currente,
3218 3283 3491 3357 suetum
3544 3295 3618 3357 et
3668 3282 3881 3358 facile

980 3402 1102 3491 est,
1141 3401 1404 3477 statuit.
1513 3399 1597 3474 Id
1632 3399 1803 3474 dum
1837 3399 2123 3475 molitur
2173 3425 2259 3475 ac
2302 3400 2457 3500 jam
2490 3425 2675 3503 pene
2723 3401 3139 3500 perfecerat,
3178 3403 3301 3477 seu
3335 3400 3651 3502 pondere
3688 3403 3881 3479 incli-

979 3523 1239 3607 nantis,
1275 3523 1396 3597 seu
1429 3519 1672 3596 solutis
1706 3519 2009 3621 cingulis
2037 3517 2354 3596 cruribus
2380 3522 2545 3622 equi
2573 3521 2951 3621 impeditis,
2990 3522 3109 3597 illo
3136 3535 3408 3608 ruente,
3436 3522 3583 3624 ipse
3616 3549 3879 3625 pronus

979 3645 1052 3718 in
1089 3654 1307 3744 caput
1339 3641 1819 3742 provolvitur3
1858 3641 1997 3717 hoc
2032 3642 2220 3732 casu,
2259 3641 2650 3718 accedente
2679 3642 2957 3742 insuper
2988 3643 3296 3733 vulnere,
3327 3644 3508 3719 inter
3544 3645 3885 3746 capienti-

982 3789 1104 3840 um
1151 3786 1405 3838 manus
1440 3761 1803 3862 expiravit.
1913 3760 2152 3837 Locus
2184 3761 2367 3838 inter
2405 3761 2873 3864 Ramriggum
2908 3775 2982 3840 et
3023 3763 3451 3840 Suintonum
3493 3764 3725 3841 adhuc
3758 3790 3884 3842 no·

983 3882 1187 3968 bilis;
1224 3881 1325 3956 rei
1352 3892 1897 3956 monumentum
1925 3907 2049 3956 arx
2077 3882 2321 3958 eredta
2348 3882 2471 3958 diu
2496 3883 2706 3974 stetit,
2742 3883 3037 3959 Towani
3066 3884 3444 3962 vocabant.
3531 3886 3655 3963 Sic
3686 3886 3881 3976 vixit,

977 4003 1074 4080 fic
1107 4014 1426 4078 mortuus
1459 4001 1562 4077 est
1594 4002 1698 4077 vir
1732 4001 1968 4078 animo
2003 4014 2077 4079 et
2110 4028 2403 4104 corpore
2429 4003 2639 4105 juxta
2673 4006 3028 4106 egregiuS,
3060 4019 3134 4080 et
3169 4031 3409 4082 amore
3443 4007 3515 4080 in
3549 4007 3874 4107 patriam,

980 4125 1324 4202 charitate
1359 4124 1431 4198 in
1465 4122 1735 4200 amicos
1769 4135 1843 4199 et
1876 4124 2195 4210 clientes,
2230 4150 2406 4226 erga
2438 4137 2733 4224 gentem
2768 4141 2843 4201 et
2874 4125 3163 4200 familiae
3214 4126 3603 4228 principem
3638 4130 3879 4228 praeci-

976 4272 1118 4347 pue
1153 4272 1243 4322 ea
1277 4271 1446 4322 cura
1481 4255 1554 4320 et
1603 4243 1872 4321 fineera
1921 4244 2256 4332 amicitia,
2312 4244 2506 4346 quod
2556 4245 2657 4320 illi
2708 4244 2970 4321 debeat
3023 4246 3603 4323 restaurationem
3655 4248 3881 4336 suam,

977 4367 1314 4468 quodque
1350 4392 1393 4441 a
1427 4365 1631 4440 ruina
1665 4364 1808 4454 illa,
1845 4389 1992 4466 qua
2024 4364 2236 4466 plane
2272 4363 2760 4454 succubuerat,
2794 4365 2919 4441 nifi
2954 4365 3070 4442 ille
3118 4353 3556 4459 subvenisset,
3594 4369 3883 4445 refloru-

975 4489 1130 4563 erit.
1237 4487 1480 4574 Quare
1513 4483 1608 4561 fic
1641 4485 1708 4561 ei
1743 4487 1868 4561 suo
1903 4485 2156 4561 merito
2190 4486 2740 4586 parentavimus.

1316 4837 1614 4920 Externi
1639 4839 1824 4942 juga
1857 4838 2112 4915 servitii
2147 4839 2319 4916 dum
2359 4838 2659 4917 Bantius
2694 4852 2899 4942 urget

1417 4957 1771 5053 Exterus3
1809 4959 2025 5062 idque
2059 4960 2310 5038 sedens
2344 4959 2684 5064 plebsque
2719 4961 3092 5063 patresque
3126 4962 3436 5037 fremunt
