4575 6042
1677 686 2731 768 WEDDERBURNENSI.
3561 695 3659 771 63

747 925 920 976 nore
953 899 1228 991 habuit,
1271 925 1406 975 nec
1441 900 1800 977 offendere
1836 903 1982 977 ullo
2017 903 2232 978 modo
2284 903 2628 989 sustinuit,
2664 905 2985 1005 quamvis
3036 902 3183 1004 ipsi,
3223 917 3295 978 et
3328 904 3659 980 fratribus

742 1021 1187 1122 iniquiorem.
1295 1021 1584 1121 Quippe
1652 1023 2004 1098 novercali
2075 1024 2387 1124 ingeni0,
2453 1026 2637 1099 ultro
2697 1023 3023 1098 infestam
3094 1024 3526 1100 alienaverat
3586 1043 3657 1100 et

741 1142 936 1233 illud,
977 1143 1172 1243 quod
1205 1143 1351 1218 filia
1386 1143 1506 1217 illa
1538 1142 1937 1242 Margarita
1964 1169 2128 1219 cum
2158 1145 2331 1220 effet
2356 1146 2510 1244 jam
2539 1147 2686 1221 viro
2717 1157 3019 1234 matura,
3051 1172 3269 1246 quam
3298 1147 3362 1221 ei
3391 1147 3657 1222 nubere

740 1264 1133 1366 satagebat,
1197 1264 1508 1340 fastidire
1564 1289 1729 1339 eum
1789 1291 1913 1340 eas
1974 1267 2258 1365 nuptias
2321 1267 2717 1342 resciverat.
2827 1266 3082 1367 Itaque
3143 1293 3363 1368 quam
3422 1269 3654 1367 potuit

743 1387 984 1460 omnia
1047 1385 1434 1486 parciffime
1470 1384 2061 1475 subministrabat,
2117 1386 2256 1461 five
2295 1398 2368 1460 ut
2420 1388 2800 1476 volentem,
2859 1387 3263 1464 neceffitate
3319 1389 3652 1489 quadam,

741 1506 1089 1593 redderet,
1123 1507 1262 1582 five
1313 1518 1392 1580 ut
1443 1507 1534 1581 de
1586 1505 1872 1582 nolente
1932 1507 2270 1582 ultionem
2328 1509 2899 1608 qualemcunque
2963 1509 3288 1584 sumeret.
3398 1510 3653 1610 Itaque

741 1654 938 1703 rarus
972 1627 1186 1719 domi,
1226 1627 1567 1728 plurimus
1601 1628 1670 1701 in
1709 1628 1876 1702 aula
1911 1627 2104 1728 apud
2158 1654 2533 1730 protegem
2570 1643 2769 1720 erat3
2826 1628 2968 1704 illic
3018 1629 3193 1704 nihil
3246 1656 3370 1730 per
3404 1630 3654 1705 ludum

739 1760 812 1824 et
845 1748 1249 1840 lasciviam3
1306 1762 1430 1824 aut
1465 1774 1839 1850 protegem
1895 1750 2339 1836 observabat,
2378 1762 2501 1824 aut
2540 1748 2861 1848 Angufio
2904 1749 3172 1841 aderat,
3205 1765 3278 1826 et
3325 1752 3653 1828 lectioni-

738 1870 872 1945 bus
906 1881 1032 1944 aut
1083 1869 1434 1946 exercitiis
1488 1870 1845 1944 intererat.
1952 1868 2403 1944 Latrunculis
2457 1870 2810 1946 interdum
2870 1871 3187 1961 ludebat,
3246 1885 3396 1947 tum
3457 1873 3652 1973 quod

739 1989 958 2066 habet
994 1991 1052 2066 is
1085 1989 1296 2064 ludus
1346 1990 1614 2089 ingenii
1649 1990 1829 2090 plus,
1868 2015 2085 2090 quam
2119 1991 2447 2076 fortunae,
2483 2004 2635 2064 tum
2671 2003 2749 2065 ut
2785 1991 3017 2066 aleam
3054 2018 3140 2066 ac
3173 1992 3369 2078 folia,
3406 1993 3655 2066 aulicis

736 2111 1135 2197 familiaria,
1162 2111 1457 2196 vitaret3
1511 2110 1873 2185 ferebatur
1910 2110 2001 2184 ad
2040 2136 2128 2185 ea
2163 2123 2419 2185 natura
2454 2112 2619 2186 satis
2654 2137 2942 2212 pronuS‚
2980 2126 3052 2187 et
3090 2113 3181 2187 ab
3218 2112 3370 2187 aliis
3403 2113 3653 2210 invita-

742 2231 970 2322 batur,
1010 2257 1254 2307 verum
1291 2257 1453 2307 cum
1508 2231 1830 2332 pecuniae
1865 2231 2108 2331 inopia
2143 2230 2532 2331 majoribus
2565 2244 2639 2306 et
2674 2233 3070 2332 aequalibus
3104 2232 3460 2308 colludere
3512 2258 3653 2307 non

736 2353 982 2454 poffet,
1016 2353 1404 2428 minoribus
1453 2352 1820 2438 fastidiret,
1877 2353 2155 2452 prorsus
2208 2350 2593 2443 abstinuit3
2652 2352 2949 2428 honesta
3002 2355 3141 2429 hac
3201 2353 3655 2428 excusatione
3778 2427 3785 2435 ,

735 2475 919 2563 usus,
957 2474 1095 2549 hoc
1129 2473 1297 2548 boni
1333 2498 1421 2548 ex
1457 2498 1780 2547 novercae
1809 2473 2101 2548 avaritia
2136 2474 2481 2573 provenit,
2515 2487 2591 2548 ut
2618 2487 2691 2548 et
2725 2473 2899 2548 illud
2928 2475 3121 2574 quod
3149 2474 3645 2576 parsimoniam

739 2595 906 2671 inde
939 2607 1012 2670 et
1044 2594 1530 2695 frugalitatem
1572 2594 1904 2670 hauserit.
2011 2595 2144 2670 Rei
2179 2594 2546 2669 familiaris
2598 2594 2864 2695 absque
2918 2595 3236 2670 sordibus
3271 2620 3539 2681 curam,
3577 2607 3649 2670 et

735 2717 990 2792 eadem
1039 2715 1469 2805 neceffitate,
1509 2727 1585 2790 et
1619 2718 1892 2816 sponte,
1931 2730 2002 2791 et
2053 2717 2376 2818 protegis
2430 2715 2741 2816 (optimi,
2781 2741 2870 2789 ea
2904 2714 2975 2787 in
3012 2741 3085 2790 re
3139 2713 3491 2815 magistri)
3532 2741 3651 2790 ex-

735 2838 992 2937 emp10‚
1032 2836 1300 2912 didicit.
1410 2837 1593 2911 Illud
1630 2838 1753 2911 seu
1806 2838 2284 2922 continentiae,
2321 2836 2443 2911 seu
2496 2835 3005 2910 moderationis
3043 2836 3113 2908 in
3152 2835 3454 2910 effeetus
3490 2838 3651 2911 suos

734 2958 1142 3058 imperantis
1177 2971 1354 3044 erat,
1391 2959 1589 3058 quod
1624 2983 1793 3033 cum
1829 2957 2000 3033 effet
2036 2959 2106 3032 in
2144 2956 2401 3033 eadem
2456 2955 2671 3031 domo
2712 2955 3009 3057 Angufii
3065 2956 3278 3041 soror,
3314 2969 3386 3032 et
3419 2957 3651 3032 forma

736 3079 1051 3178 egregia,
1091 3089 1164 3152 et
1201 3103 1467 3179 genere
1503 3079 1716 3168 clara,
1757 3091 1832 3154 et
1886 3079 2200 3153 moribus
2255 3078 2593 3178 placeret,
2635 3076 2819 3151 adeo
2874 3090 2951 3151 ut
3007 3089 3078 3151 et
3131 3076 3518 3167 deamaret‚
3580 3091 3651 3152 et

736 3225 1026 3274 uxorem
1062 3201 1394 3275 asciscere
1431 3210 1755 3300 optaret3
1792 3199 2115 3300 quamvis
2151 3211 2222 3275 et
2256 3199 2405 3299 ipsa
2439 3223 2581 3273 non
2612 3198 2979 3288 abnueret,
3009 3222 3145 3272 nec
3180 3199 3483 3299 protegi,
3526 3211 3650 3273 aut

732 3322 952 3407 fratri,
986 3321 1111 3420 qui
1163 3319 1563 3405 rescierant,
1603 3319 2024 3421 displiceret,
2063 3333 2305 3395 tamen
2338 3319 2620 3409 verituS,
2676 3343 2768 3394 ne
2805 3317 2931 3392 sub
2984 3317 3265 3392 duriore
3316 3343 3645 3408 noverca,

731 3441 923 3517 haud
959 3442 1124 3516 satis
1158 3467 1286 3540 pro
1320 3441 1483 3515 loco
1519 3465 1664 3541 quo
1700 3454 1872 3516 nata
1907 3441 2097 3531 effet,
2131 3441 2194 3516 ei
2233 3467 2276 3516 a
2312 3453 2534 3542 patre,
2567 3440 2758 3541 apud
2787 3464 3004 3540 quem
3059 3464 3233 3514 uxor
3268 3439 3649 3539 plurimum

729 3574 1034 3663 poterat,
1089 3562 1560 3648 decideretur,
1598 3589 1642 3637 a
1688 3562 2002 3662 petendo
2063 3562 2422 3637 abstinuit.
2528 3559 2787 3661 Nupsit
2839 3586 2950 3646 ea,
3010 3559 3179 3635 dum
3244 3560 3643 3650 cunetatur,

728 3682 1149 3769 Maxuellio,
1184 3682 1378 3757 haud
1413 3695 1559 3756 tam
1595 3683 1841 3783 sponte
1877 3684 2022 3769 sua,
2060 3709 2278 3783 quam
2313 3683 2633 3783 protegis
2668 3681 3120 3766 auctoritate,
3157 3681 3280 3782 qui
3316 3681 3634 3757 oblatam

728 3830 887 3880 eam
923 3803 1364 3879 occasionem
1399 3803 1767 3904 negligere
1796 3805 2047 3879 noluit.
2153 3804 2435 3879 Tamen
2473 3829 2639 3878 eum
2673 3801 2885 3902 hujus
2911 3803 3032 3876 seu
3061 3801 3478 3902 prudentiae‚
3518 3803 3641 3877 seu

731 3952 903 4026 erga
935 3926 1158 4025 ipsam
1195 3925 1474 4014 amoriS,
1517 3925 1634 4026 (ut
1668 3925 1813 4024 ipse
1852 3924 2110 4014 aiebat,
2149 3923 2321 3998 mihi
2350 3924 2516 4000 sane
2544 3924 2721 4012 miri,
2754 3935 2828 3998 et
2855 3922 3253 4020 insolentis)
3292 3923 3414 3996 seu
3439 3924 3645 3998 lenti-

729 4046 992 4121 tudinis
1026 4044 1332 4135 fortaffe,
1389 4046 1511 4120 seu
1562 4071 1995 4146 quocunque
2052 4045 2339 4119 nomine
2401 4044 2763 4145 appellare
2817 4042 3063 4129 libeat,
3118 4042 3312 4117 haud
3363 4044 3468 4117 ita
3520 4043 3644 4117 diu

729 4167 1093 4269 superstite
1143 4178 1368 4266 patre,
1404 4166 1611 4240 valde
1646 4167 2000 4266 poenituit.
2110 4164 2392 4240 Eodem
2443 4177 2722 4240 mortuo
2758 4164 2922 4238 satis
2964 4187 3184 4263 opum
3218 4162 3476 4238 nactus
3511 4162 3637 4252 est,

730 4302 802 4366 et
836 4289 1076 4389 puella
1110 4288 1182 4362 in
1219 4288 1576 4388 colloquio
1613 4286 1684 4362 id
1721 4289 1787 4364 ei
1824 4287 2025 4389 queri
2062 4298 2134 4362 et
2170 4285 2564 4386 exprobare
2598 4309 2743 4360 non
2780 4282 3136 4358 abstinuit.

831 4411 1043 4485 Pater
1079 4422 1160 4482 ut
1193 4410 1693 4508 patrimonium
1728 4434 1872 4483 non
1931 4419 2252 4494 auxerat,
2304 4408 2406 4481 ita
2442 4431 2577 4482 nec
2628 4406 3003 4494 minuerat,
3045 4416 3167 4479 aut
3224 4429 3364 4480 aere
3406 4404 3641 4481 alieno

727 4541 1081 4632 gravarat.
1189 4528 1307 4618 Et,
1346 4530 1675 4619 moriens,
1715 4529 2085 4630 superioris
2113 4529 2278 4603 anni
2314 4528 2560 4627 fruges
2594 4528 2664 4600 in
2701 4526 2968 4601 horreis
2995 4537 3067 4601 et
3103 4525 3452 4625 granariis
3484 4526 3644 4627 plu-

725 4653 938 4728 rimas
958 4650 1264 4750 reliquit,
1294 4661 1366 4724 et
1392 4650 1578 4725 illius
1600 4651 1766 4725 anni
1790 4651 2068 4749 segetes
2095 4647 2397 4738 adultas,
2431 4659 2817 4749 appetente
2845 4657 3190 4720 autumno
3224 4674 3244 4736 ;
3284 4647 3640 4747 pecudum

727 4799 1016 4876 quoque
1052 4785 1124 4848 et
1160 4783 1638 4847 armentorum
1689 4797 1948 4873 greges
1998 4795 2210 4846 omne
2267 4795 2521 4871 genuS.
2626 4766 2791 4842 Nec
2840 4765 3094 4841 horum
3147 4767 3531 4868 quicquam
3565 4769 3637 4842 in

727 4908 1023 4973 caeteros
1055 4895 1318 4970 liberos
1370 4892 1847 4973 decidendum
1882 4904 2078 4986 erat3
2136 4893 2327 4969 soror
2378 4891 2593 4977 enim,
2634 4900 2812 4966 natu
2864 4888 3198 4978 maxima,
3237 4888 3638 4989 pecuniam,
