4575 6042
1603 727 2659 808 WEDDERBURNENSI.
3480 730 3571 800 21

671 969 834 1020 vam
870 945 936 1021 ei
988 945 1292 1048 gloriam
1336 956 1411 1023 et
1464 947 1964 1023 auctoritatem
2016 944 2208 1046 apud
2257 945 2581 1020 homines
2633 943 3053 1034 conciliavit,
3093 941 3287 1043 quod
3335 963 3579 1014 verum

671 1066 981 1142 amicum
1016 1080 1089 1142 et
1123 1092 1367 1142 verum
1401 1067 1760 1144 inimicum
1796 1069 1866 1143 se
1895 1069 2165 1167 semper
2185 1066 2501 1167 praestitit
2531 1095 2553 1159 ς
2608 1067 2827 1141 fidum
2861 1091 2947 1140 ac
2977 1064 3219 1139 utilem
3245 1063 3574 1151 amicum,

671 1211 964 1288 gravem
1015 1199 1088 1262 et
1139 1187 1469 1263 infestum
1504 1188 1802 1286 hostem.
1909 1188 2285 1289 Quotquot
2336 1199 2458 1262 aut
2509 1186 3121 1286 consanguinitate
3174 1183 3572 1285 propinqui,

673 1319 797 1382 aut
829 1308 1330 1384 neceffitudine
1356 1309 1618 1409 juncti,
1655 1322 1780 1410 aut
1812 1334 2242 1409 quacunque
2276 1309 2550 1383 ratione
2585 1308 2655 1383 in
2703 1308 3108 1383 clientelam
3160 1305 3315 1406 ejus
3365 1328 3576 1379 vene-

672 1440 853 1518 rant,
911 1430 1291 1505 acerrimus
1351 1430 1698 1514 defensor,
1761 1431 2105 1529 nusquam
2166 1428 2559 1505 deserebat.
2664 1428 2843 1530 Ejus
2894 1429 2993 1503 rei
3056 1427 3394 1502 indicium
3455 1427 3577 1516 est,

671 1550 890 1649 quod,
933 1550 1229 1652 Georgii
1268 1550 1578 1627 Nisbetti
1615 1551 1849 1637 causa,
1886 1551 2240 1651 susceptas
2276 1576 2319 1624 a
2356 1561 2555 1649 patre
2590 1549 2990 1626 inimicitias
3027 1575 3188 1625 cum
3228 1547 3579 1624 Blacada-

674 1694 910 1746 rorum
962 1672 1319 1773 locuplete
1369 1686 1520 1746 tum
1572 1672 1865 1760 familia,
1922 1671 2067 1772 ipse
2118 1697 2407 1772 quoque
2460 1671 2798 1756 exercuit,
2847 1697 3007 1771 quae
3057 1695 3199 1744 non
3246 1668 3370 1744 nisi
3422 1692 3585 1743 curn

675 1815 919 1866 eorum
955 1793 1244 1868 interitu
1278 1792 1494 1867 finitae
1541 1793 1723 1867 sunt.
1832 1791 1944 1867 Ea
1996 1804 2149 1866 tum
2201 1780 2545 1866 nobilium
2591 1792 2896 1866 virorum
2932 1791 3287 1891 praecipua
3320 1791 3478 1865 laus
3512 1803 3583 1864 et

673 1911 1049 2012 prudentia
1097 1913 1364 2003 habita,
1405 1925 1482 1988 ut
1534 1912 1920 1988 amicorum
1977 1938 2063 1987 ac
2115 1912 2451 1987 clientum
2503 1913 2749 1988 causas
2801 1923 2879 1986 ut
2926 1914 3085 1987 suas
3134 1911 3584 2011 susciperent,

672 2053 969 2132 agerent
1006 2045 1082 2108 ut
1118 2035 1297 2124 suaa,
1339 2033 1668 2135 adeoque
1703 2033 1788 2108 iis
1825 2031 2092 2108 artibus
2142 2033 2412 2108 amicos
2464 2032 2565 2106 ita
2615 2031 2739 2107 fibi
2786 2032 3305 2121 devinciebant‚
3344 2043 3423 2106 ut
3458 2057 3583 2106 eos

671 2153 771 2228 illi
828 2154 1011 2229 solos
1071 2155 1410 2240 colerent,
1466 2177 1592 2254 pro
1653 2154 1738 2228 iis
1796 2179 1966 2244 rem,
2030 2153 2271 2243 vitam,
2337 2153 2576 2228 omnia
2636 2178 2991 2254 exponere
3052 2153 3280 2256 parati
3340 2152 3581 2227 essent.

677 2272 920 2348 Etiam
971 2275 1224 2350 fratres
1276 2275 1471 2350 auxit
1523 2299 1667 2376 qua
1719 2275 1974 2375 potuit,
2011 2287 2084 2349 et
2137 2273 2312 2348 alios
2347 2274 2502 2348 aliis
2544 2273 2954 2350 rationibus,
3060 2273 3464 2349 Johannem
3500 2298 3587 2347 ac

677 2392 1069 2470 Robertum
1107 2395 1586 2495 privignarum
1621 2395 2092 2485 matrimoniO,
2133 2420 2295 2495 quae
2328 2387 2713 2470 Blacadari
2750 2394 2913 2469 solae
2963 2392 3283 2470 haeredes
3318 2394 3585 2469 relictae

675 2527 901 2590 erant.
1013 2515 1379 2590 Andream
1422 2513 1734 2591 Lauderi
1762 2515 2077 2605 decimis,
2121 2515 2591 2616 (rectoratum
2628 2515 2949 2614 vocant‚)
2987 2515 3126 2590 hac
3159 2514 3583 2615 potiffimum

673 2633 1091 2728 occafione3
1157 2655 1438 2711 mortuo
1493 2635 1835 2736 Driburgi
1888 2634 2395 2711 coenobiarcha
2426 2635 2570 2735 (est
2632 2635 2703 2710 id
2764 2637 2856 2710 ad
2903 2635 3238 2711 sinistram
3294 2633 3571 2710 Tuedae

677 2756 902 2857 ripam
937 2756 1129 2832 haud
1159 2756 1404 2857 procul
1438 2755 1816 2832 Litledeno
1852 2757 2116 2856 oppido
2147 2755 2482 2855 Merciae)
2517 2755 2748 2832 Carus
2779 2756 3221 2832 Litledenius
3248 2757 3317 2831 in
3348 2781 3585 2832 coeno·

643 2878 894 2964 -bium,
931 2904 1016 2954 ac
1052 2879 1207 2978 ejus
1253 2878 1540 2967 reditus,
1582 2891 1706 2952 aut
1729 2877 1883 2978 jam
1937 2878 2304 2967 invaserat,
2350 2890 2430 2952 ut
2481 2878 2747 2966 volunt,
2789 2870 2912 2952 aut
2962 2878 3199 2977 potius
3250 2876 3585 2952 invadere

672 2998 1033 3094 statuerat.
1120 2997 1360 3074 David
1395 2997 1805 3100 indignatus
1840 3023 2005 3073 eum
2041 3023 2082 3072 e
2120 2996 2453 3072 Teviotia
2488 2998 2558 3070 in
2599 2996 2943 3072 Merciam
2981 2998 3083 3072 cis
3110 2999 3395 3083 flumen,
3422 3023 3585 3098 quae

677 3119 765 3193 ad
803 3118 1014 3220 ipfius
1051 3120 1454 3195 clientelam
1490 3121 1730 3221 potius
1765 3117 2161 3219 spectabat,
2196 3119 2460 3202 venire,
2498 3131 2800 3218 occupat
2837 3119 3241 3194 coenobium
3276 3119 3347 3194 in
3387 3120 3584 3193 suam

673 3240 1094 3340 potestatem
1147 3239 1496 3340 redigere,
1551 3265 1638 3315 ac
1689 3265 1852 3315 cum
1905 3240 2030 3313 suo
2083 3239 2425 3314 comitatu
2480 3238 2897 3328 habitatum,
2938 3264 3026 3314 eo
3079 3239 3367 3314 veniens
3419 3265 3585 3314 eum

673 3360 1026 3460 propofito
1062 3360 1328 3461 dejicit.
1435 3359 1599 3436 Nec
1634 3359 1735 3434 ita
1765 3359 2064 3435 multum
2097 3370 2414 3434 moratus
2449 3360 2768 3459 proximo
2805 3359 3321 3435 coenobiarchae
3344 3358 3580 3450 tradit,

675 3481 932 3581 pactus
971 3481 1305 3571 Andreae,
1344 3507 1525 3582 quas
1560 3481 1882 3571 diximus,
1912 3481 2246 3569 decimaS,
2279 3505 2547 3580 magna
2581 3506 2743 3555 cum
2778 3480 3296 3556 coenobiarchae
3330 3481 3585 3581 gratia,

657 3602 873 3702 ‘quod
914 3602 1178 3678 Carum
1217 3603 1610 3703 depulisset,
1647 3604 1984 3703 quodque
2019 3603 2260 3676 omnia
2294 3602 2571 3702 integra
2606 3603 2671 3677 ei
2708 3601 3054 3677 servafl'et.
3132 3601 3308 3677 Erat
3343 3603 3401 3676 is
3436 3614 3587 3676 tum

678 3749 911 3798 rerum
963 3722 1207 3809 status,
1261 3724 1444 3798 inter
1493 3723 1831 3798 continua
1893 3721 2102 3808 bella,
2153 3733 2275 3796 aut
2330 3723 2600 3796 minore
2648 3723 3075 3797 auctoritate
3132 3721 3448 3808 suffultiS,
3510 3735 3589 3796 ut

641 3844 896 3919 ·etiam
942 3843 1065 3943 qui
1101 3842 1612 3918 moderatiores
1647 3855 1868 3933 erant,
1917 3843 2180 3918 viribus
2227 3867 2444 3946 agere
2496 3868 2637 3916 non
2691 3843 2997 3942 legibuS,
3035 3869 3121 3917 ac
3172 3845 3266 3933 se,
3305 3856 3377 3918 et
3429 3845 3589 3918 suos

679 3967 892 4041 armis
927 3967 1108 4041 tueri
1143 3977 1616 4066 cogerentur3
1664 3979 1734 4039 et
1788 3964 1905 4039 ille
1948 3963 2215 4039 militiae
2250 3989 2464 4062 quam
2516 3963 2761 4064 legum
2813 3964 3119 4064 peritior,
3160 3965 3341 4039 inter
3392 3989 3589 4040 arma

677 4098 913 4189 natue,
948 4084 1315 4174 educatus,
1355 4083 1528 4185 quid
1577 4085 1755 4159 ratio
1805 4083 2211 4184 postularet,
2248 4096 2503 4158 natura
2555 4085 3002 4184 suggerente,
3044 4084 3236 4159 haud
3274 4085 3583 4184 ignarus,

682 4205 850 4304 quid
885 4195 1174 4306 leguleii
1210 4205 1712 4305 quiritarentur
1747 4207 2050 4294 securus,
2089 4205 2309 4278 vitam
2345 4205 2439 4278 ad
2474 4229 2635 4278 eam
2673 4204 2901 4305 magis
2938 4204 3419 4304 composuiffe,
3453 4230 3589 4279 nec

683 4324 866 4399 adeo
887 4325 1184 4426 usquam
1213 4325 1378 4401 inde
1401 4325 1737 4414 aberaffe,
1770 4324 1820 4400 fi
1851 4325 2333 4426 accuffantes]
2368 4339 2699 4401 accurate
2722 4350 2832 4401 res
2858 4325 3339 4426 expendimus,
3369 4324 3587 4400 videri

681 4445 935 4544 potest,
987 4457 1060 4520 et
1119 4457 1520 4547 temporum
1579 4446 1983 4522 neceffitate
2037 4460 2109 4520 et
2158 4446 2343 4536 locu,
2400 4471 2619 4546 quem
2678 4447 3023 4522 summum
3070 4446 3141 4520 in
3200 4447 3589 4533 limitanea,

684 4579 902 4666 atque
954 4564 1138 4642 adeo
1189 4567 1472 4642 militari
1524 4568 1910 4668 provincia,
1939 4565 2258 4667 gerebat,
2316 4566 2717 4667 postulante
2760 4566 2930 4641 nihil
2968 4566 3161 4642 aliud
3205 4579 3359 4642 tota
3420 4568 3583 4658 vita,

685 4710 900 4784 quam
935 4685 1258 4761 militiam
1294 4689 1631 4778 exercuit,
1671 4687 1784 4762 vel
1827 4700 2118 4761 externa
2171 4687 2352 4762 inter
2405 4687 2613 4776 bella,
2655 4687 2765 4762 vel
2816 4688 3129 4763 internos
3180 4699 3431 4779 motuS,
3474 4690 3590 4763 vel

685 4805 994 4906 privatas
1028 4804 1436 4882 simultates·
1549 4806 1695 4882 Sed
1731 4807 2045 4881 omnium
2083 4807 2468 4882 maximum
2504 4808 2569 4882 ei
2606 4811 2973 4909 negotium
3002 4810 3337 4886 faceffivit
3374 4811 3590 4886 Alex-

684 4924 884 5000 andri
919 4927 1286 5002 camerarii
1323 4926 1578 5012 caedes,
1618 4926 1710 5003 ab
1750 4925 2060 5003 Patricio
2101 4926 2523 5027 Hepburnio
2563 4927 2908 5004 Moraviae
2960 4932 3289 5031 episcopo
3326 4930 3589 5005 machi-
