4575 6042
1622 771 2680 851 WEDDERBURNENSI.
3496 783 3593 862 47

702 987 972 1078 tuebat,
1012 986 1461 1087 Jedburgum
1497 984 1588 1062 ad
1625 985 1985 1063 visendam
2020 987 2290 1077 urbem,
2332 999 2405 1062 et
2438 987 2808 1062 salutanda
2845 1013 2931 1062 ex
2987 988 3203 1087 longo
3259 987 3593 1086 temporis

697 1107 1064 1182 intervallo
1100 1119 1341 1183 vetera
1393 1106 1738 1193 sodalitia,
1775 1119 1848 1182 et
1899 1107 2229 1207 hospiteS‚
2288 1108 2410 1208 qui
2466 1107 2563 1181 illi
2615 1107 2781 1182 satis
2831 1108 3241 1206 frequentes
3293 1107 3361 1180 in
3421 1105 3591 1179 urbe

699 1240 923 1319 erant,
961 1228 1198 1303 secum
1235 1227 1451 1302 ducit.
1560 1227 1668 1302 Ibi
1705 1255 1746 1302 e
1785 1227 2385 1304 Rethofordorum
2419 1240 2493 1304 et
2531 1227 3150 1303 Truumbellorum
3204 1227 3389 1302 tribu
3444 1228 3594 1326 qui-

702 1347 890 1438 dam,
929 1349 1062 1424 rati
1097 1349 1290 1450 pofl'e
1337 1374 1426 1424 ex
1461 1349 1616 1450 ejus
1651 1347 2136 1449 redemptione
2172 1349 2566 1449 pecuniolae
2601 1350 2869 1450 aliquid
2906 1348 3204 1435 corradi,
3241 1349 3595 1448 captivum

701 1494 869 1544 eum
893 1468 1159 1556 fistunt,
1197 1470 1461 1545 causati
1495 1468 1933 1570 perduellem
1968 1482 2042 1545 et
2077 1468 2382 1544 adversae
2415 1471 2751 1546 fafitionis
2784 1495 2949 1544 eum
2984 1470 3143 1561 effe,
3182 1495 3340 1555 nec,
3369 1469 3595 1568 depri-

707 1603 917 1666 cante
969 1617 1057 1666 ac
1105 1591 1348 1666 omnia
1409 1603 1672 1692 agente
1733 1590 2118 1681 GulielmO,
2191 1590 2565 1667 demittere
2630 1593 3025 1680 voluerunt,
3099 1591 3422 1691 quamvis
3473 1588 3597 1662 sua

699 1712 840 1788 fide
876 1738 964 1788 eo
998 1712 1277 1802 veniffe,
1317 1713 1669 1812 pertinere
1703 1710 1771 1785 id
1810 1711 1902 1785 ad
1938 1712 2133 1786 suam
2168 1711 2535 1786 infamiam
2571 1710 2880 1799 diceret3
2915 1711 3310 1813 graviffime
3347 1712 3595 1811 itaque

702 1832 888 1908 hanc
937 1831 1062 1907 fibi
1118 1833 1615 1932 indignitatem
1669 1831 1942 1908 factam
1975 1832 2235 1916 serens,
2280 1831 2645 1931 querelam
2697 1831 2790 1908 ad
2826 1833 3265 1907 Mortonium
3317 1831 3590 1920 defert3

701 1979 836 2028 nec
870 1953 988 2028 ille
1021 1955 1330 2029 satisfieri
1366 1955 1432 2028 ei
1467 1954 1762 2040 curavit,
1796 1952 1936 2028 five
1992 1951 2185 2053 quod
2240 1939 2435 2051 parvi
2491 1955 2831 2028 momenti
2889 1979 3036 2029 rem
3088 1953 3402 2043 duceret,
3457 1950 3596 2026 five

703 2075 897 2176 quod
931 2076 1457 2176 Jedburgenses
1493 2074 1852 2151 offendere
1885 2075 2130 2150 nollet.
2237 2074 2493 2174 Itaque
2531 2072 2932 2149 Gulielmus
2980 2074 3197 2149 iratus
3251 2073 3596 2173 privatam

705 2198 880 2273 iram
917 2197 1152 2272 ulcisci
1188 2197 1524 2283 statuens,
1561 2197 1769 2271 variis
1797 2195 2072 2270 damnis
2096 2219 2218 2269 eos
2246 2194 2539 2296 affiigit3
2573 2194 2741 2269 huic
2766 2194 3104 2295 gliscente
3132 2208 3380 2268 mutuo
3408 2192 3595 2281 odio,

706 2345 794 2393 eo
845 2319 1135 2393 tandem
1187 2329 1502 2404 ventum,
1539 2329 1640 2402 ut,
1678 2318 1748 2392 in
1791 2317 2127 2392 conflictu
2179 2316 2517 2416 quodam,
2556 2315 2874 2391 Joannes
2928 2314 3462 2404 Rethrofordus,
3502 2314 3601 2387 vir

703 2440 961 2515 doGtus
996 2453 1066 2514 et
1105 2439 1368 2540 alioqui
1403 2439 1692 2514 minime
1729 2438 1981 2524 maluS,
2018 2437 2134 2513 sed
2173 2437 2297 2537 qui
2338 2435 2679 2513 Gulielmi
2730 2449 3031 2512 matrem
3084 2435 3303 2536 gladii
3356 2459 3603 2510 manu-

704 2559 857 2634 brio
893 2559 1188 2660 pulsasse
1224 2560 1614 2648 dicebatur,
1655 2560 1726 2633 in
1763 2559 1918 2660 ejus
1955 2558 2405 2634 contumeliae
2440 2558 2850 2648 vindistam,
2892 2584 3034 2633 non
3083 2558 3174 2633 ab
3211 2558 3358 2658 ipso
3398 2555 3602 2632 Guli-

705 2681 916 2771 elm0,
970 2681 1091 2756 sed
1143 2680 1235 2756 ab
1291 2682 1444 2781 ejus
1505 2679 1909 2765 comitibus,
1958 2705 2093 2755 nec
2148 2692 2294 2753 tam
2331 2679 2617 2754 volente
2677 2704 2894 2779 quam
2952 2705 3095 2754 non
3148 2678 3600 2778 impediente,

705 2802 924 2876 caesus
959 2800 1085 2878 est.
1193 2803 1360 2889 Qua
1394 2801 1485 2876 de
1521 2803 1756 2888 causa,
1800 2800 1946 2901 ipse
2002 2801 2072 2874 in
2125 2800 2415 2875 exilium
2467 2800 2729 2900 pulsuS,
2785 2800 2975 2875 bona
3038 2800 3419 2900 publicata,
3479 2825 3603 2874 arx

705 2921 1168 2998 custodienda
1203 2922 1516 2997 hostibus
1552 2922 1743 2998 data.
1850 2922 1980 2996 Ille
2016 2922 2086 2996 in
2119 2919 2458 3022 Angliam
2498 2920 2588 2995 ad
2624 2918 2980 2996 Joannem
3010 2919 3372 2996 Heronem
3405 2920 3598 3010 abiit,

705 3055 784 3118 ut
818 3045 1136 3145 protegis
1173 3045 1292 3118 irae
1327 3043 1636 3118 cederet.
1745 3044 2088 3119 Parentes
2128 3040 2653 3117 Wedderburni
2688 3043 3193 3116 remanserunt.
3294 3039 3604 3141 Jamque

707 3165 994 3266 aliquod
1046 3177 1328 3264 tempus
1378 3163 1876 3253 intercesserat,
1916 3176 2263 3264 quantum
2316 3163 2800 3238 exsaturandae
2854 3164 2975 3238 irae
3009 3163 3175 3238 satis
3207 3159 3597 3252 videbatur,

705 3312 867 3361 cum
907 3284 1147 3360 David
1181 3311 1308 3385 pro
1343 3297 1607 3384 nepote
1642 3296 1716 3359 et
1752 3286 1982 3359 sorore
2035 3282 2477 3359 intercedens
2532 3284 2934 3385 responsum
2968 3283 3148 3374 tulit,
3189 3284 3433 3359 datum
3466 3282 3605 3358 hoc

705 3433 950 3482 eorum
985 3407 1518 3508 propinquitati,
1558 3406 1752 3506 quod
1787 3430 1911 3480 arx
1945 3404 2092 3479 solo
2143 3417 2428 3507 aequata
2478 3430 2623 3480 non
2676 3404 2866 3494 effet,
2905 3405 3067 3506 plus
3116 3403 3412 3480 concedi
3459 3431 3603 3480 non

702 3528 915 3628 pofl'e.
1041 3527 1202 3628 Ipsa
1252 3539 1494 3603 tamen
1563 3551 1800 3601 arcem
1853 3524 2335 3626 negligentius
2390 3525 2836 3613 custoditam,
2894 3526 3426 3626 adjuvantibuS,
3478 3528 3601 3628 qui

691 3650 906 3748 juxta
940 3661 1167 3735 erant,
1204 3649 1492 3737 coloniS,
1533 3658 1820 3747 captata
1857 3671 1946 3721 ex
1983 3646 2481 3722 nonnullorum
2510 3647 2827 3722 absentia
2854 3646 3249 3734 occasione,
3276 3648 3603 3749 ingrefl'a,

701 3794 971 3869 paucos
1005 3769 1126 3871 qui
1161 3769 1350 3843 intus
1385 3779 1585 3843 erant
1637 3768 1826 3866 cepit
1861 3792 1948 3843 ac
1979 3767 2374 3842 incolumes
2428 3765 2707 3857 dimifit,
2749 3793 2986 3844 arcem
3022 3769 3094 3843 in
3128 3770 3327 3844 suam
3376 3771 3606 3870 potes·

703 3902 927 3965 tatem
961 3889 1262 3988 redegit,
1299 3915 1384 3964 ac
1418 3888 1664 3989 postea
1699 3886 1940 3986 quoad
1975 3886 2146 3963 vixit
2178 3888 2491 3962 retinuit.
2599 3886 2906 3963 Ferebat
2941 3889 3011 3963 id
3040 3902 3112 3965 et
3138 3890 3419 3965 ridebat
3451 3917 3605 3991 pro·

705 4036 850 4097 rex,
892 4010 1254 4086 Gulielmo
1290 4008 1458 4084 nihil
1497 4007 1821 4099 indulfit3
1861 4020 2201 4109 querente
2235 4006 2523 4084 Davide
2558 4034 2849 4108 parvam
2878 4011 3076 4085 suam
3102 4011 3409 4111 gratiam
3437 4011 3597 4101 effe,

707 4131 1016 4232 praeferri
1043 4129 1094 4204 fi
1124 4128 1589 4206 Retrofordos
1615 4143 1688 4204 et
1718 4127 2192 4217 Trumbellos‚
2220 4153 2521 4228 quorum
2549 4129 2619 4205 hi
2643 4155 2911 4219 omnes,
2950 4131 3048 4206 illi
3084 4132 3363 4231 plurimi
3397 4131 3607 4207 latro-

705 4253 908 4328 ciniis
945 4253 1246 4326 infames
1282 4250 1522 4326 effent.
1628 4248 2114 4324 Nihilominus
2153 4247 2595 4325 Gulielmum
2631 4263 2709 4326 ut
2742 4251 3114 4353 plurimum
3152 4251 3344 4351 apud
3378 4254 3450 4328 se
3484 4253 3607 4328 ha-

705 4371 879 4462 buit,
949 4370 1142 4446 haud
1212 4371 1564 4446 nesciente
1620 4369 1932 4472 quidem,
2001 4368 2124 4444 sed
2180 4395 2317 4444 nec
2385 4371 2823 4447 concedente
2880 4370 3271 4457 Mor-tenio,
3340 4397 3607 4474 nempe

705 4492 958 4566 horum
993 4517 1284 4593 operam
1318 4491 1774 4568 necessariam
1809 4489 1936 4565 fibi
1971 4502 2219 4566 contra
2250 4489 2671 4567 Farnihestii
2708 4503 3006 4568 conatus
3032 4492 3341 4580 rebatur,
3371 4507 3449 4568 ut
3485 4495 3607 4596 qui

707 4615 778 4688 in
820 4613 1152 4689 Teviotia
1203 4613 1268 4688 ei
1303 4612 1508 4688 vicini
1543 4611 1789 4698 effent,
1846 4611 2029 4687 adeo
2065 4636 2227 4686 cum
2263 4637 2389 4687 eos
2441 4611 2798 4689 offendere
2851 4612 3095 4700 nollet,
3144 4614 3502 4690 difficilem
3535 4617 3607 4691 se

705 4733 1035 4810 adversus
1077 4733 1345 4810 Carum
1379 4731 1703 4834 praebuit.
1811 4731 2003 4820 Quin
2033 4747 2104 4806 et
2137 4757 2392 4833 parum
2428 4733 2677 4824 abfuit,
2718 4735 2889 4835 quin
2929 4731 3286 4810 Davidem
3323 4737 3395 4811 in
3432 4737 3607 4813 soci·

705 4865 976 4929 etatem
1011 4879 1174 4929 cum
1229 4853 1332 4929 eis
1368 4853 1804 4954 pertraxerit,
1843 4851 2132 4928 foederis
2168 4853 2640 4953 regii.specie,
2682 4867 2858 4956 quot
2893 4855 2964 4929 in
3003 4855 3305 4945 Mercia,
3342 4883 3427 4932 ac
3466 4856 3607 4931 Te—

707 4975 924 5053 viotia
957 4975 1309 5076 regiarum
1346 4975 1650 5074 partium
1685 4989 1910 5061 erant,
1936 4973 2132 5074 juflis
2165 4973 2613 5068 subscribere,
2654 4969 2797 5078 quo
2832 4976 3077 5053 samite
3103 4977 3607 5078 promittebant
