4575 6042
1078 739 1164 808 12
1992 733 2134 811 DE
2191 731 2646 810 FAMILIA
2706 731 3063 812 HUMIA

1059 945 1336 1044 joribus
1369 946 1632 1022 tradita
1665 970 1798 1038 τρε,
1838 957 1911 1022 et
1943 947 2309 1022 hominum
2344 947 2781 1022 sermonibus
2816 959 2889 1024 et
2924 948 3303 1023 vernaculo
3340 949 3651 1024 carmine
3687 947 3759 1024 in
3786 948 3973 1024 hunc

1070 1068 1291 1166 usque
1328 1066 1518 1142 diem
1554 1066 1934 1156 celebrata,
1975 1068 2075 1142 ita
2124 1069 2196 1143 se
2251 1067 2527 1144 habuit.
2636 1067 2912 1143 Perfius
2970 1068 3287 1144 Umbriae
3348 1094 3612 1159 comes»,
3668 1070 3975 1146 colle&
4043 1108 4047 1109 f

1069 1187 1234 1261 satis
1287 1212 1554 1286 magna
1605 1213 1843 1273 manu,
1881 1188 1973 1262 ad
2031 1187 2347 1289 quinque
2398 1191 2706 1264 virorum
2760 1189 2981 1264 millia
3041 1188 3241 1265 fuiffe
3298 1187 3776 1289 perhibentur,
3831 1215 3973 1265 non

1069 1309 1336 1409 absque
1361 1308 1739 1409 ja6tantia,
1768 1309 1838 1382 se
1869 1307 2298 1383 Humiorum
2334 1334 2595 1410 pecora
2629 1310 2700 1384 in
2736 1310 3038 1411 ipsorum
3077 1322 3567 1410 contemptum
3604 1337 3689 1386 ac
3716 1299 4001 1412 oppro-¹

1068 1430 1296 1504 brium
1333 1429 1777 1519 abacturum,
1816 1428 2177 1520 dictitans,
2221 1429 2548 1514 Bervico,
2586 1455 2713 1529 per
2760 1443 3039 1531 portam
3078 1431 3351 1506 Marcae
3405 1431 3865 1532 appellatam,
3898 1433 3971 1506 in

1072 1550 1414 1637 Scotiam,
1454 1549 1982 1626 Alcamneffum
2028 1551 2250 1651 usque
2287 1550 2839 1650 praedabunduS,
2867 1553 3211 1654 irrumpit.
3323 1553 3547 1636 Scoti,
3582 1553 3706 1653 qui
3742 1553 3972 1654 proxi-

1069 1698 1184 1747 me
1213 1671 1652 1762 accolebant,
1685 1673 2018 1762 clamore,
2045 1684 2124 1746 ut
2146 1672 2244 1761 fit,
2272 1673 2524 1763 exciti3
2554 1671 3110 1773 longinquiores,
3138 1672 3423 1774 ignibus
3449 1673 3540 1749 de
3572 1672 3969 1774 Anglorum

1073 1794 1382 1869 adventu
1417 1793 1754 1871 certiores
1785 1793 1986 1882 facti,
2028 1817 2192 1867 cum
2227 1792 2689 1868 tumultuarie
2713 1793 3185 1884 accurrifl'ent,
3223 1794 3449 1870 libera
3483 1793 3969 1895 populatione,

1063 1941 1280 2016 quam
1314 1927 1556 1991 vetare
1582 1940 1724 1989 non
1749 1924 2102 2014 poterant,
2130 1912 2445 1988 hostibus
2479 1915 2825 2014 permiffa,
2862 1915 2983 1990 seu
3017 1916 3329 2002 fortuna,
3366 1917 3485 1990 seu
3523 1915 3767 1991 debita
3801 1940 3969 2015 ope-

1061 2064 1163 2124 ra,
1201 2050 1278 2112 ut
1305 2062 1430 2112 eos
1465 2037 1534 2111 in
1569 2036 1805 2112 reditu
1848 2035 2274 2134 exciperent,
2317 2035 2408 2109 ad
2448 2035 2956 2126 Millertonem,
2994 2035 3189 2137 quod
3226 2038 3543 2112 secutum
3579 2035 3681 2112 est
3718 2036 3966 2137 proelio

1063 2159 1397 2247 nobilem,
1436 2180 1855 2233 convenere.
1967 2155 2164 2231 Situs
2217 2154 2317 2230 est
2370 2156 2431 2230 is
2483 2156 2576 2230 ad
2617 2157 2857 2257 Ayum
2905 2182 3215 2244 amnem,
3252 2157 3419 2258 ripis
3454 2168 3533 2231 ut
3583 2158 3967 2258 plurimum

1063 2279 1508 2379 impeditum,
1546 2288 1613 2351 et
1657 2275 1942 2352 Billiam
1977 2275 2339 2376 paludem,
2375 2276 2491 2350 vix
2542 2275 2833 2378 singulis
2869 2277 3231 2378 equitibus
3266 2304 3425 2354 raro
3458 2277 3644 2353 vado
3693 2303 3965 2380 perme-

1061 2399 1346 2486 abilem,
1383 2397 1582 2474 collis
1618 2397 1864 2473 acclivi
1896 2396 2204 2498 fastigio,
2245 2396 2523 2496 angusti
2559 2398 2824 2473 itineris
2856 2399 3103 2474 fauces
3138 2398 3603 2499 praecludenS,
3635 2398 3825 2474 unde
3860 2400 3965 2473 fa-

1065 2523 1199 2598 cile
1235 2520 1408 2596 esset
1453 2520 1525 2594 in
1578 2519 1849 2594 hostem
1891 2519 2288 2608 decurrere,
2330 2530 2455 2592 aut
2504 2519 3023 2594 imminentium
3061 2520 3346 2595 collium
3384 2520 3697 2621 aliquem
3752 2545 3962 2595 occu·

1059 2669 1252 2743 pare,
1292 2642 1413 2743 qui
1447 2642 1666 2742 longo
1693 2641 1876 2740 jugo
1910 2639 2002 2714 ad
2053 2665 2248 2714 mare
2296 2665 2481 2740 pene
2530 2640 3070 2740 protenduntur,
3110 2666 3399 2741 quaque
3438 2640 3683 2742 Anglo
3723 2641 3964 2718 Bervi-

1060 2787 1223 2836 cum
1255 2761 1604 2863 repetenti
1659 2759 2180 2836 transeundum.
2289 2759 2519 2836 Erant
2566 2760 2664 2835 ibi
2699 2762 2908 2861 pauci
2946 2761 3237 2861 quidem
3282 2786 3598 2853 numer0,
3640 2774 3717 2838 ut
3763 2765 3835 2838 in
3888 2790 3964 2839 re

1059 2882 1310 2970 subita,
1347 2908 1484 2958 nec
1519 2882 1706 2958 enim
1760 2881 1996 2982 plures
2053 2882 2491 2982 ostingentis
2525 2882 3003 2983 perhibentur,
3044 2882 3214 2958 certi
3267 2895 3509 2958 tamen
3550 2885 3955 2985 confligere,

1054 3005 1105 3080 fi
1141 3031 1284 3106 qua
1319 3006 1418 3081 rei
1455 3004 1640 3080 bene
1675 3004 2008 3106 gerendae
2044 3002 2321 3079 occafio
2358 3003 2690 3095 daretur3
2729 3003 2930 3079 ducis
2966 3003 3287 3105 partibus
3327 3004 3650 3106 Georgio
3689 3004 3959 3080 Humio

1060 3127 1634 3203 Wedderburnio
1671 3127 2031 3203 communi
2070 3127 2407 3201 consensu
2451 3125 2730 3210 delatis,
2764 3125 3037 3200 hostem
3075 3125 3347 3201 alacres
3398 3127 3809 3227 operiuntur
3840 3156 3861 3216 ;
3902 3129 3961 3201 is

1054 3249 1483 3326 descendere
1519 3275 1608 3325 ex
1643 3249 1846 3349 equis
1871 3247 2102 3347 jubet,
2143 3247 2344 3321 suum
2379 3247 2741 3347 imprimiS,
2775 3245 3033 3322 deinde
3068 3259 3141 3322 et
3177 3247 3477 3322 aliorum
3503 3274 3545 3323 e
3572 3249 3959 3349 conspeEtu

1054 3382 1359 3460 amovet,
1400 3396 1485 3445 ac
1517 3395 1834 3470 pugnam
1870 3367 2147 3468 pedites
2183 3368 2594 3466 expectant.
2688 3367 2963 3443 Persius
2996 3369 3269 3445 interea
3297 3370 3538 3445 omnia
3572 3396 3697 3470 per
3732 3371 3955 3445 otium

1059 3491 1464 3591 populatuS,
1520 3488 1720 3563 hoste
1773 3489 2120 3589 nusquam
2156 3488 2324 3577 viso,
2362 3488 2530 3562 satis
2582 3513 2846 3589 magna
2884 3490 3128 3589 praeda
3162 3492 3453 3565 onustus
3504 3493 3575 3565 in
3616 3492 3955 3593 Angliam

1056 3611 1356 3697 redibat,
1392 3635 1554 3685 cum
1589 3609 1890 3684 videtin
1944 3609 2219 3684 tumulo
2262 3608 2641 3684 Scotorum
2700 3610 2929 3684 aciem
2986 3609 3079 3684 ad
3133 3611 3460 3712 proelium
3514 3611 3949 3688 instru6tam.

1052 3733 1167 3808 Ea
1200 3757 1313 3806 res
1364 3729 1803 3805 deliberandi
1852 3729 2292 3806 occasionem
2348 3727 2672 3830 praebuit.
2781 3729 3110 3831 Rogatus
3164 3733 3581 3808 sententiam
3644 3733 3946 3821 sewius,

1049 3853 1188 3927 five
1223 3851 1505 3927 occulta
1556 3853 1626 3926 in
1684 3849 1996 3926 Perfium
2046 3851 2336 3936 invidia,
2390 3861 2467 3924 ut
2504 3851 2752 3925 volunt
2806 3851 3148 3942 nonnulli,
3189 3850 3327 3927 five
3375 3853 3945 3945 Wedderburnfi,

1051 3974 1362 4076 quicum,
1393 3972 1491 4047 illi
1519 3985 1864 4073 quantum
1891 3997 2016 4073 per
2044 3996 2421 4047 commune
2448 3969 2709 4047 bellum
2736 3970 3020 4061 licebat,
3050 3973 3326 4072 privata
3354 3973 3666 4049 amicitia
3690 3975 3944 4065 fuerat,

1051 4095 1555 4184 familiaritate,
1579 4093 1718 4168 five
1746 4093 2009 4193 potius,
2032 4105 2110 4167 ut
2137 4104 2434 4168 eventus
2469 4092 2980 4193 comprobavit,
3006 4093 3231 4180 recta,
3253 4105 3405 4167 tum
3427 4094 3772 4183 locorum,
3795 4107 3945 4170 tum

1045 4218 1353 4302 suorum,
1387 4227 1460 4292 et
1493 4215 1796 4290 hostium
1833 4214 2320 4316 aestimatione,
2361 4225 2439 4288 ut
2474 4227 2627 4288 erat
2680 4226 3139 4315 utrorumque
3174 4241 3460 4314 gnarus
3519 4227 3591 4290 et
3628 4217 3728 4291 rei
3770 4218 3945 4293 mili·

1045 4339 1214 4413 taris
1250 4364 1336 4413 ac
1379 4338 1594 4412 moris
1643 4336 1987 4411 limitanei
2029 4335 2211 4409 inter
2261 4359 2533 4434 paucos
2588 4336 2879 4434 peritus,
2930 4360 3251 4437 pugnam
3307 4335 3706 4429 diffuadet3
3766 4339 3947 4413 viros

1047 4460 1186 4534 efl'e
1247 4484 1471 4544 acreS,
1521 4459 1849 4547 irritatos,
1894 4455 2545 4532 Wedderburnium
2597 4457 2878 4546 fortem,
2924 4456 3235 4558 Anglico
3272 4458 3539 4532 nomini
3591 4458 3943 4534 infenfifli·

1047 4606 1242 4655 mum
1268 4609 1289 4671 ς
1319 4579 1509 4656 haud
1533 4579 1750 4680 longe
1773 4577 2009 4654 abefl'e
2040 4577 2441 4663 Bervicum,
2464 4588 2695 4652 tutum
2720 4590 2995 4652 mature
3021 4579 3269 4678 fugam
3297 4578 3815 4679 capessent-ibus
3841 4606 3945 4655 re·

1043 4713 1354 4804 ceptum,
1389 4725 1624 4802 operae
1659 4700 1964 4800 pretium
1999 4699 2317 4774 fafituros
2344 4699 2395 4775 fi
2429 4699 2887 4801 perniciffime
2923 4699 3289 4774 evaserint.
3383 4698 3659 4776 Perfius
3686 4701 3943 4802 iniquis

1044 4822 1331 4899 auribus
1366 4823 1760 4897 orationem
1813 4820 2113 4920 accepit,
2151 4847 2236 4896 ac
2286 4821 2647 4897 hominem
2705 4819 3177 4908 abominatus,
3233 4834 3307 4895 et
3364 4833 3635 4897 metum
3693 4848 3941 4923 expro-

1046 4946 1277 5035 branS‚
1321 4955 1397 5018 ut
1432 4967 1668 5043 quem,
1710 4940 2079 5043 probabile
2114 4942 2426 5030 dicebat,
2461 4940 2634 5017 nihil
2672 4941 2862 5016 aliud
2902 4953 3059 5017 tota
3088 4943 3231 5018 vita
3258 4968 3475 5044 quam
3514 4944 3763 5045 sugere
3797 4969 3943 5019 me-
