4575 6042
921 757 1018 834 66
1841 753 1982 830 DE
2040 751 2498 830 FAMILIA
2555 754 2914 831 HUMIA

929 970 1163 1060 causa,
1204 968 1496 1044 dedifl'et
1527 996 1544 1042 ε
1585 967 1704 1042 sed
1732 967 2140 1042 moderatus
2169 967 2467 1057 animm,
2500 980 2572 1042 et
2598 968 2720 1042 irae
2748 979 3171 1069 temperanS,
3203 971 3475 1044 exorari
3504 970 3574 1044 se
3610 968 3841 1070 paffus

932 1090 1034 1164 est
1085 1090 1179 1164 ab
1231 1088 1512 1164 Joanne
1573 1087 1923 1178 Simsono,
1963 1087 2108 1161 fido
2145 1099 2218 1162 et
2273 1088 2595 1187 pueritiae
2644 1089 2937 1175 famulo,
2981 1089 3282 1164 Garneri
3330 1100 3666 1190 cognato,
3718 1091 3839 1186 qui

937 1235 1065 1311 pro
1103 1236 1190 1285 eo
1228 1209 1580 1284 duriffima
1614 1209 1931 1296 timente,
1975 1235 2062 1282 ac
2102 1207 2404 1282 multum
2460 1221 2763 1309 rogante
2798 1209 3309 1310 suppliciffime,
3348 1224 3418 1286 et
3454 1212 3842 1311 spondente

933 1331 1290 1432 praeclara,
1363 1328 1754 1418 interceffit,
1827 1329 2274 1428 obtinuitque
2347 1346 2424 1403 ut
2498 1329 2655 1430 post
2735 1329 3024 1429 aliquod
3092 1343 3373 1432 tempus
3460 1336 3843 1432 (quantum

933 1453 1101 1526 satis
1172 1452 1343 1526 effet
1409 1451 1778 1525 ostendere
1836 1449 2009 1523 nihil
2070 1449 2348 1549 patroni
2409 1463 2604 1526 metu
2667 1450 3103 1552 conceffum)
3168 1452 3539 1527 incolumis
3599 1453 3845 1528 demit-

933 1561 1223 1648 teretur.

1037 1692 1209 1768 Non
1263 1692 1516 1767 eadem
1567 1716 1741 1791 erga
1798 1691 2236 1766 Gulielmum
2286 1691 2629 1778 Grevum‚
2676 1692 2990 1791 ejusdem
3046 1692 3435 1768 Alexandri
3492 1693 3844 1784 clientem,

934 1815 1283 1889 latronem
1320 1812 1682 1913 infignem,
1724 1812 2102 1887 clementia
2137 1813 2295 1898 fuit,
2334 1836 2570 1912 quem,
2612 1812 2867 1887 eadem
2904 1813 3233 1889 clientela
3269 1814 3632 1900 confisum,
3661 1841 3849 1890 com-

936 1933 1280 2036 prehendi
1333 1933 1626 2018 curavit,
1680 1948 1748 2007 et
1803 1931 1897 2007 ad
1948 1957 2322 2033 protegem
2374 1932 2679 2024 deduci3
2754 1933 2845 2008 ab
2901 1960 2990 2009 eo
3041 1935 3388 2010 latrocinii
3449 1934 3847 2026 damnatuS,

939 2033 1230 2130 meritas
1296 2053 1578 2154 legibus
1663 2078 1914 2152 poenas
1973 2051 2191 2142 dedit,
2280 2051 2583 2127 multum
2654 2054 2981 2154 ringente
3042 2067 3362 2155 patrono,
3434 2055 3556 2130 sed
3614 2068 3689 2129 ut
3746 2058 3852 2130 fa-

943 2177 1078 2252 cilc
1120 2164 1518 2277 appareret,
1570 2198 1788 2273 quam
1839 2199 2086 2272 parum
2130 2173 2424 2273 praefidii
2464 2175 2697 2274 (quod
2749 2175 3237 2276 quaerebatur)
3293 2176 3362 2250 in
3416 2201 3663 2251 eorum
3710 2177 3855 2252 ullo

946 2309 1195 2373 contra
1231 2320 1394 2371 eum
1429 2295 1710 2396 legibus
1744 2295 2008 2384 nixum,
2038 2295 2190 2393 jam
2226 2294 2397 2370 esset
2434 2295 2607 2394 (nec
2644 2296 2832 2370 enim
2862 2295 3157 2397 usquam
3194 2323 3237 2370 a
3268 2297 3431 2396 jure
3468 2310 3540 2371 et
3572 2297 3855 2398 legibus

951 2432 1076 2494 aut
1131 2418 1276 2516 ipse
1314 2415 1742 2506 declinabat,
1784 2426 1910 2489 aut
1951 2417 2233 2490 suorum
2285 2441 2701 2515 quenquam
2755 2416 3113 2491 declinare
3164 2417 3397 2516 paffus
3434 2417 3571 2517 est)
3605 2447 3627 2510 ς
3668 2420 3854 2494 unde

948 2553 1020 2614 et
1072 2539 1276 2613 bonis
1334 2551 1601 2638 gratus,
1665 2548 1738 2610 et
1786 2536 2125 2611 maleficis
2185 2536 2430 2611 terrori
2500 2535 2637 2611 effe
2699 2536 2937 2636 coepit.
3069 2535 3173 2610 At
3239 2537 3430 2610 haud
3499 2551 3856 2628 accurata,

952 2662 1144 2736 dicat
1181 2659 1459 2760 aliquia,
1484 2656 1774 2757 justitiae
1807 2655 1962 2732 haec
1997 2681 2269 2748 norma,
2311 2682 2473 2756 quae
2509 2657 2812 2732 affeEtus
2846 2658 3091 2756 ponit3
3150 2669 3221 2732 et
3255 2659 3455 2757 ponit
3490 2661 3702 2750 fane3
3742 2659 3860 2734 sed

951 2781 1356 2858 occafiones
1413 2804 1556 2854 non
1607 2779 1831 2879 ponit,
1883 2779 2026 2870 imo
2078 2790 2346 2878 captat.
2454 2777 2551 2852 Et
2611 2778 2769 2877 quis
2821 2778 3012 2853 dicat
3057 2779 3428 2878 privatisne
3482 2779 3858 2856 affectibus

943 2902 1216 3004 justitia
1271 2900 1648 2990 indulserit,
1691 2925 1781 2974 an
1824 2899 2114 2998 justitiae
2161 2925 2248 2974 ex
2300 2899 2435 2973 illis
2470 2898 2912 2974 occasionem
2946 2900 3351 3000 sumpserit:
3404 2901 3539 2975 fuit
3573 2901 3861 3000 quidem

952 3039 1234 3124 tempus
1268 3047 1432 3098 cum
1468 3020 1844 3097 affectibus
1869 3019 2215 3119 justitiam
2242 3018 2631 3095 obtendere
2668 3020 2762 3095 ad
2795 3022 3060 3095 famam
3099 3021 3273 3096 utile
3305 3023 3585 3112 fuerat3
3635 3035 3863 3096 muta-

954 3160 1046 3222 tae
1082 3171 1193 3220 res
1229 3145 1406 3233 sunt,
1447 3155 1520 3217 et
1555 3167 1643 3220 eo
1681 3140 1895 3216 evafit
1929 3141 2068 3215 hoc
2103 3141 2435 3231 seculum,
2468 3153 2545 3214 ut
2574 3141 2873 3216 affectus
2889 3141 3177 3240 justitiae
3206 3144 3424 3216 amori
3452 3143 3867 3242 pretendere

957 3267 1048 3342 ad
1100 3264 1494 3366 prudentiae
1544 3264 1812 3337 famam
1859 3260 2134 3336 necefl'e
2179 3259 2285 3347 fit,
2340 3286 2502 3336 cum
2538 3261 2883 3361 justitiam
2930 3262 3023 3336 ob
3071 3262 3140 3337 se
3176 3262 3394 3336 solam
3428 3263 3645 3362 sequi,
3688 3262 3866 3336 sata-

957 3387 1222 3487 gentiae
1273 3383 1639 3470 habeatur,
1696 3407 1845 3456 rem
1893 3382 2238 3481 privatam
2283 3407 2552 3467 curare,
2597 3393 2669 3457 et
2732 3382 3019 3482 injurias
3060 3383 3439 3468 vindicare,
3476 3363 3903 3483 prudentiae*

961 3520 1033 3582 ct
1070 3502 1696 3606 magnanimitatiS.
1806 3501 1907 3575 At
1958 3499 2203 3575 datum
2238 3500 2355 3576 hic
2390 3501 2658 3601 aliquid
2695 3503 3009 3590 affectui,
3048 3515 3125 3577 ut
3159 3503 3346 3578 hunc
3382 3503 3616 3603 potius
3650 3529 3867 3604 quam

964 3627 1162 3701 illurn
1212 3625 1482 3698 sontem
1536 3633 1610 3696 et
1660 3621 2080 3696 sceleratum
2130 3621 2470 3721 supplicio
2509 3622 2957 3697 afficiendum
3005 3625 3296 3699 curavit.
3404 3623 3602 3711 Esto,
3630 3639 3703 3699 at
3748 3650 3870 3701 ne·

963 3746 1156 3836 mini,
1187 3744 1311 3818 nifi
1337 3742 1650 3828 scelesto,
1677 3767 1967 3816 manum
1994 3741 2295 3816 intulifl'e
2324 3769 2365 3816 a
2382 3742 2655 3842 justitia
2676 3743 3056 3819 necessario
3080 3744 3203 3819 est.
3288 3745 3627 3846 Optanda
3653 3771 3867 3847 quam

965 3863 1464 3968 perfectiffima
1516 3863 1804 3964 quidem
1853 3862 2284 3963 ubicunque,
2331 3876 2570 3937 tamen
2616 3864 2727 3938 vel
2774 3864 2935 3938 talis
2970 3866 3040 3939 in
3076 3867 3348 3965 privato
3382 3865 3574 3941 haud
3609 3867 3869 3942 fastidi-

969 3989 1175 4077 enda,
1228 3988 1370 4061 imo
1423 3997 1496 4060 et
1544 3983 1928 4060 laudanda.
2040 3982 2225 4058 Cum
2263 3983 2549 4084 publico
2585 4009 2877 4060 munere
2914 3985 3157 4084 postea
3192 3987 3482 4062 functus
3517 3987 3639 4078 est,
3680 3990 3872 4088 quod

967 4109 1234 4212 publici
1280 4119 1432 4183 erat
1477 4107 1789 4182 muneris
1837 4106 2034 4207 egit3
2090 4104 2689 4179 indiscriminatim
2726 4131 2994 4195 omneS,
3034 4116 3186 4182 tum
3220 4107 3478 4192 hostes,
3513 4120 3665 4182 tum
3702 4112 3872 4184 ami-

970 4259 1115 4322 cos,
1172 4255 1379 4330 aequa
1430 4228 1635 4303 lance
1683 4225 2076 4327 penfitavit,
2123 4250 2312 4300 nunc
2358 4227 2671 4326 privatus
2722 4227 3067 4326 privatam
3094 4227 3461 4327 justitiam,
3498 4230 3770 4328 privato
3804 4243 3874 4304 et

970 4351 1295 4453 legitimo
1329 4349 1543 4424 modo
1579 4347 2008 4436 exercebat;
2063 4346 2185 4421 sed
2232 4358 2404 4436 erat,
2453 4347 2646 4446 quod
2681 4349 3016 4447 sequitur,
3053 4349 3340 4429 summae
3374 4350 3876 4425 moderationis

973 4487 1047 4548 et
1081 4469 1651 4572 aequanimitatis,
1691 4494 1854 4544 cum
1889 4467 2265 4569 prudentia
2300 4467 2745 4565 conjunctam
2798 4481 2868 4542 et
2920 4466 3115 4568 quod
3161 4468 3271 4543 vel
3308 4467 3529 4543 solum
3564 4468 3876 4555 testetur,

977 4591 1493 4681 abhorrentem,
1535 4617 1578 4665 a
1611 4591 1874 4665 scelere
1908 4602 1980 4662 et
2015 4588 2356 4688 sanguine
2391 4587 2775 4677 hominum,
2815 4589 3027 4664 facile
3063 4588 3508 4689 placabilem,
3558 4615 3695 4665 nec
3730 4592 3879 4665 vin-

975 4715 1189 4790 diecae
1215 4712 1422 4786 nimis
1447 4711 1806 4812 cupidum.
1868 4709 2231 4785 Statuerat
2257 4707 2521 4782 molam
2548 4710 2953 4808 aquaticam
2983 4711 3075 4784 ad
3103 4709 3337 4809 Ayum
3363 4735 3644 4785 amnem
3666 4712 3880 4810 paulo

976 4837 1160 4913 infra
1200 4839 1564 4934 Aytonum
1597 4831 1994 4921 aedificare3
2034 4841 2104 4904 et
2134 4842 2450 4904 creverat
2474 4829 2627 4928 jam
2663 4853 2865 4928 opuS,
2894 4843 2964 4903 et
3001 4830 3373 4904 aedificium
3410 4831 3501 4905 ad
3534 4832 3881 4905 summum

980 4957 1404 5061 perductum
1441 4966 1613 5041 erat,
1641 4953 1811 5052 quin
1849 4963 1922 5027 et
1956 4951 2302 5037 canalem,
2327 4962 2398 5025 et
2434 4950 2969 5050 aquae-ductum
3004 4953 3423 5052 perfecerat,
3446 4964 3517 5027 et
3550 4954 3881 5027 frumenti
