<?xml version="1.0" encoding="UTF-8"?>
<!DOCTYPE html PUBLIC "-//W3C//DTD XHTML 1.0 Transitional//EN"
    "http://www.w3.org/TR/xhtml1/DTD/xhtml1-transitional.dtd">
<html xmlns="http://www.w3.org/1999/xhtml" xml:lang="en" lang="en">
 <head>
  <title>
</title>
<meta http-equiv="Content-Type" content="text/html;charset=utf-8" />
  <meta name='ocr-system' content='tesseract 3.04.00' />
  <meta name='ocr-capabilities' content='ocr_page ocr_carea ocr_par ocr_line ocrx_word'/>
</head>
<body>
  <div class='ocr_page' id='page_1' title='image "./davidishumiidef00edingoog_0099.png"; bbox 0 0 4575 6042; ppageno 0'>
   <div class='ocr_carea' id='block_1_1' title="bbox 1545 0 2425 5">
    <p class='ocr_par' dir='ltr' id='par_1_1' title="bbox 1545 0 2425 5">
     <span class='ocr_line' id='line_1_1' title="bbox 1545 0 2425 5; baseline 0 0"><span class='ocrx_word' id='word_1_1' title='bbox 1545 0 2425 5; x_wconf 95' lang='lat' dir='ltr'> </span> 
     </span>
    </p>
   </div>
   <div class='ocr_carea' id='block_1_2' title="bbox 2658 0 3396 4">
    <p class='ocr_par' dir='ltr' id='par_1_2' title="bbox 2658 0 3396 4">
     <span class='ocr_line' id='line_1_2' title="bbox 2658 0 3396 4; baseline 0 0"><span class='ocrx_word' id='word_1_2' title='bbox 2658 0 3396 4; x_wconf 95' lang='lat' dir='ltr'> </span> 
     </span>
    </p>
   </div>
   <div class='ocr_carea' id='block_1_3' title="bbox 1591 767 3579 856">
    <p class='ocr_par' dir='ltr' id='par_1_3' title="bbox 1591 767 3579 856">
     <span class='ocr_line' id='line_1_3' title="bbox 1591 767 3579 856; baseline 0 -12"><span class='ocrx_word' id='word_1_3' title='bbox 1591 767 2655 846; x_wconf 88' lang='lat' dir='ltr'><strong>WEDDERBURNENSI.</strong></span> <span class='ocrx_word' id='word_1_4' title='bbox 3485 775 3579 856; x_wconf 90' lang='grc'>75</span> 
     </span>
    </p>
   </div>
   <div class='ocr_carea' id='block_1_4' title="bbox 677 982 3611 5076">
    <p class='ocr_par' dir='ltr' id='par_1_4' title="bbox 677 982 3611 5076">
     <span class='ocr_line' id='line_1_4' title="bbox 677 982 3586 1083; baseline -0 -25"><span class='ocrx_word' id='word_1_5' title='bbox 677 983 797 1059; x_wconf 93' lang='lat' dir='ltr'>ubi</span> <span class='ocrx_word' id='word_1_6' title='bbox 849 1008 1093 1083; x_wconf 86' lang='lat' dir='ltr'>regem</span> <span class='ocrx_word' id='word_1_7' title='bbox 1147 985 1329 1058; x_wconf 84' lang='lat' dir='ltr'>forte</span> <span class='ocrx_word' id='word_1_8' title='bbox 1382 984 1452 1057; x_wconf 93' lang='lat' dir='ltr'>in</span> <span class='ocrx_word' id='word_1_9' title='bbox 1507 1009 1746 1058; x_wconf 88' lang='lat' dir='ltr'>aream</span> <span class='ocrx_word' id='word_1_10' title='bbox 1800 996 2180 1058; x_wconf 83' lang='lat' dir='ltr'>exeuntem</span> <span class='ocrx_word' id='word_1_11' title='bbox 2231 983 2512 1072; x_wconf 70' lang='lat' dir='ltr'>nactus,</span> <span class='ocrx_word' id='word_1_12' title='bbox 2552 983 2719 1058; x_wconf 89' lang='lat' dir='ltr'>satis</span> <span class='ocrx_word' id='word_1_13' title='bbox 2771 984 3052 1083; x_wconf 88' lang='lat' dir='ltr'>placato</span> <span class='ocrx_word' id='word_1_14' title='bbox 3106 982 3301 1057; x_wconf 85' lang='lat' dir='ltr'>vultu</span> <span class='ocrx_word' id='word_1_15' title='bbox 3355 983 3446 1057; x_wconf 88' lang='lat' dir='ltr'>ab</span> <span class='ocrx_word' id='word_1_16' title='bbox 3501 1009 3586 1058; x_wconf 91' lang='lat' dir='ltr'>eo</span> 
     </span>
     <span class='ocr_line' id='line_1_5' title="bbox 677 1102 3584 1205; baseline -0 -26"><span class='ocrx_word' id='word_1_17' title='bbox 677 1118 1014 1205; x_wconf 86' lang='lat' dir='ltr'>acceptus</span> <span class='ocrx_word' id='word_1_18' title='bbox 1048 1103 1172 1178; x_wconf 88' lang='lat' dir='ltr'>est.</span> <span class='ocrx_word' id='word_1_19' title='bbox 1280 1102 1388 1178; x_wconf 94' lang='lat' dir='ltr'>Illi</span> <span class='ocrx_word' id='word_1_20' title='bbox 1422 1104 1656 1179; x_wconf 90' lang='lat' dir='ltr'>statim</span> <span class='ocrx_word' id='word_1_21' title='bbox 1709 1103 2080 1190; x_wconf 86' lang='lat' dir='ltr'>subsecuti,</span> <span class='ocrx_word' id='word_1_22' title='bbox 2116 1103 2238 1203; x_wconf 91' lang='lat' dir='ltr'>qui</span> <span class='ocrx_word' id='word_1_23' title='bbox 2273 1128 2439 1178; x_wconf 87' lang='lat' dir='ltr'>eum</span> <span class='ocrx_word' id='word_1_24' title='bbox 2494 1105 2565 1177; x_wconf 92' lang='lat' dir='ltr'>in</span> <span class='ocrx_word' id='word_1_25' title='bbox 2619 1103 2996 1203; x_wconf 88' lang='lat' dir='ltr'>hospitium</span> <span class='ocrx_word' id='word_1_26' title='bbox 3048 1103 3273 1202; x_wconf 89' lang='lat' dir='ltr'>primo</span> <span class='ocrx_word' id='word_1_27' title='bbox 3326 1104 3584 1178; x_wconf 87' lang='lat' dir='ltr'>iturum</span> 
     </span>
     <span class='ocr_line' id='line_1_6' title="bbox 678 1223 3592 1324; baseline -0 -26"><span class='ocrx_word' id='word_1_28' title='bbox 678 1223 1036 1310; x_wconf 85' lang='lat' dir='ltr'>rebantur,</span> <span class='ocrx_word' id='word_1_29' title='bbox 1065 1224 1185 1299; x_wconf 93' lang='lat' dir='ltr'>ubi</span> <span class='ocrx_word' id='word_1_30' title='bbox 1221 1225 1374 1324; x_wconf 86' lang='lat' dir='ltr'>regi</span> <span class='ocrx_word' id='word_1_31' title='bbox 1411 1224 1638 1299; x_wconf 84' lang='lat' dir='ltr'>amice</span> <span class='ocrx_word' id='word_1_32' title='bbox 1674 1237 2047 1324; x_wconf 85' lang='lat' dir='ltr'>acceptum</span> <span class='ocrx_word' id='word_1_33' title='bbox 2077 1224 2423 1314; x_wconf 90' lang='lat' dir='ltr'>viderunt,</span> <span class='ocrx_word' id='word_1_34' title='bbox 2462 1224 2790 1299; x_wconf 88' lang='lat' dir='ltr'>Stuartus</span> <span class='ocrx_word' id='word_1_35' title='bbox 2815 1225 3058 1298; x_wconf 90' lang='lat' dir='ltr'>furens</span> <span class='ocrx_word' id='word_1_36' title='bbox 3083 1224 3174 1299; x_wconf 93' lang='lat' dir='ltr'>ad</span> <span class='ocrx_word' id='word_1_37' title='bbox 3218 1224 3592 1300; x_wconf 88' lang='lat' dir='ltr'>Setonium</span> 
     </span>
     <span class='ocr_line' id='line_1_7' title="bbox 679 1343 3589 1445; baseline 0 -26"><span class='ocrx_word' id='word_1_38' title='bbox 679 1347 1072 1430; x_wconf 88' lang='lat' dir='ltr'>conversus,</span> <span class='ocrx_word' id='word_1_39' title='bbox 1108 1346 1434 1436; x_wconf 87' lang='lat' dir='ltr'>fremere,</span> <span class='ocrx_word' id='word_1_40' title='bbox 1474 1345 1845 1445; x_wconf 86' lang='lat' dir='ltr'>indignari,</span> <span class='ocrx_word' id='word_1_41' title='bbox 1886 1345 1957 1420; x_wconf 86' lang='lat' dir='ltr'>se</span> <span class='ocrx_word' id='word_1_42' title='bbox 1992 1345 2225 1418; x_wconf 92' lang='lat' dir='ltr'>officio</span> <span class='ocrx_word' id='word_1_43' title='bbox 2265 1343 2459 1445; x_wconf 90' lang='lat' dir='ltr'>(erat</span> <span class='ocrx_word' id='word_1_44' title='bbox 2487 1356 2728 1419; x_wconf 89' lang='lat' dir='ltr'>autem</span> <span class='ocrx_word' id='word_1_45' title='bbox 2756 1345 3138 1419; x_wconf 89' lang='lat' dir='ltr'>satellitum</span> <span class='ocrx_word' id='word_1_46' title='bbox 3167 1345 3589 1444; x_wconf 64' lang='lat' dir='ltr'>praefectus)</span> 
     </span>
     <span class='ocr_line' id='line_1_8' title="bbox 677 1464 3595 1566; baseline 0 -26"><span class='ocrx_word' id='word_1_47' title='bbox 677 1465 1147 1551; x_wconf 75' lang='lat' dir='ltr'>discessurum,</span> <span class='ocrx_word' id='word_1_48' title='bbox 1184 1466 1765 1566; x_wconf 89' lang='lat' dir='ltr'>quandoquidem</span> <span class='ocrx_word' id='word_1_49' title='bbox 1815 1465 2030 1566; x_wconf 88' lang='lat' dir='ltr'>regiis</span> <span class='ocrx_word' id='word_1_50' title='bbox 2080 1464 2397 1540; x_wconf 86' lang='lat' dir='ltr'>hostibus</span> <span class='ocrx_word' id='word_1_51' title='bbox 2448 1477 2521 1542; x_wconf 89' lang='lat' dir='ltr'>et</span> <span class='ocrx_word' id='word_1_52' title='bbox 2572 1466 3049 1566; x_wconf 86' lang='lat' dir='ltr'>proditoribus</span> <span class='ocrx_word' id='word_1_53' title='bbox 3100 1467 3452 1542; x_wconf 78' lang='lat' dir='ltr'>accefl&#39;um</span> <span class='ocrx_word' id='word_1_54' title='bbox 3502 1468 3595 1542; x_wconf 90' lang='lat' dir='ltr'>ad</span> 
     </span>
     <span class='ocr_line' id='line_1_9' title="bbox 680 1587 3587 1688; baseline 0.001 -26"><span class='ocrx_word' id='word_1_55' title='bbox 680 1613 922 1688; x_wconf 87' lang='lat' dir='ltr'>regem</span> <span class='ocrx_word' id='word_1_56' title='bbox 958 1587 1243 1662; x_wconf 89' lang='lat' dir='ltr'>facilem</span> <span class='ocrx_word' id='word_1_57' title='bbox 1279 1587 1625 1677; x_wconf 87' lang='lat' dir='ltr'>redderet,</span> <span class='ocrx_word' id='word_1_58' title='bbox 1659 1612 1745 1663; x_wconf 89' lang='lat' dir='ltr'>ac</span> <span class='ocrx_word' id='word_1_59' title='bbox 1779 1587 1850 1661; x_wconf 88' lang='lat' dir='ltr'>iu</span> <span class='ocrx_word' id='word_1_60' title='bbox 1880 1587 2340 1686; x_wconf 65' lang='lat' dir='ltr'>conspectum</span> <span class='ocrx_word' id='word_1_61' title='bbox 2368 1587 2521 1687; x_wconf 88' lang='lat' dir='ltr'>ejus</span> <span class='ocrx_word' id='word_1_62' title='bbox 2551 1587 2961 1662; x_wconf 86' lang='lat' dir='ltr'>adduceret.</span> <span class='ocrx_word' id='word_1_63' title='bbox 3047 1587 3187 1663; x_wconf 87' lang='lat' dir='ltr'>Cui</span> <span class='ocrx_word' id='word_1_64' title='bbox 3232 1587 3587 1678; x_wconf 74' lang='lat' dir='ltr'>SetoniuS,</span> 
     </span>
     <span class='ocr_line' id='line_1_10' title="bbox 679 1707 3595 1808; baseline 0 -24"><span class='ocrx_word' id='word_1_65' title='bbox 679 1734 812 1784; x_wconf 89' lang='lat' dir='ltr'>nec</span> <span class='ocrx_word' id='word_1_66' title='bbox 846 1707 1118 1784; x_wconf 88' lang='lat' dir='ltr'>hostem</span> <span class='ocrx_word' id='word_1_67' title='bbox 1161 1707 1831 1798; x_wconf 88' lang='lat' dir='ltr'>Wedderburnium,</span> <span class='ocrx_word' id='word_1_68' title='bbox 1872 1733 2006 1783; x_wconf 90' lang='lat' dir='ltr'>nec</span> <span class='ocrx_word' id='word_1_69' title='bbox 2056 1707 2488 1808; x_wconf 89' lang='lat' dir='ltr'>proditorem</span> <span class='ocrx_word' id='word_1_70' title='bbox 2539 1708 3066 1799; x_wconf 86' lang='lat' dir='ltr'>denunciatum,</span> <span class='ocrx_word' id='word_1_71' title='bbox 3104 1734 3241 1784; x_wconf 90' lang='lat' dir='ltr'>nec</span> <span class='ocrx_word' id='word_1_72' title='bbox 3288 1735 3332 1783; x_wconf 88' lang='lat' dir='ltr'>a</span> <span class='ocrx_word' id='word_1_73' title='bbox 3383 1711 3453 1785; x_wconf 90' lang='lat' dir='ltr'>se</span> <span class='ocrx_word' id='word_1_74' title='bbox 3502 1711 3595 1786; x_wconf 91' lang='lat' dir='ltr'>ad</span> 
     </span>
     <span class='ocr_line' id='line_1_11' title="bbox 681 1828 3593 1931; baseline 0.001 -29"><span class='ocrx_word' id='word_1_75' title='bbox 681 1854 925 1931; x_wconf 88' lang='lat' dir='ltr'>regem</span> <span class='ocrx_word' id='word_1_76' title='bbox 960 1829 1282 1915; x_wconf 71' lang='lat' dir='ltr'>ductum,</span> <span class='ocrx_word' id='word_1_77' title='bbox 1319 1854 1454 1904; x_wconf 93' lang='lat' dir='ltr'>nec</span> <span class='ocrx_word' id='word_1_78' title='bbox 1489 1829 1748 1904; x_wconf 90' lang='lat' dir='ltr'>adduci</span> <span class='ocrx_word' id='word_1_79' title='bbox 1784 1829 1894 1903; x_wconf 90' lang='lat' dir='ltr'>vel</span> <span class='ocrx_word' id='word_1_80' title='bbox 1933 1855 1976 1903; x_wconf 89' lang='lat' dir='ltr'>a</span> <span class='ocrx_word' id='word_1_81' title='bbox 2012 1830 2106 1914; x_wconf 86' lang='lat' dir='ltr'>se,</span> <span class='ocrx_word' id='word_1_82' title='bbox 2141 1829 2252 1904; x_wconf 82' lang='lat' dir='ltr'>vel</span> <span class='ocrx_word' id='word_1_83' title='bbox 2290 1828 2382 1903; x_wconf 89' lang='lat' dir='ltr'>ab</span> <span class='ocrx_word' id='word_1_84' title='bbox 2431 1829 2579 1928; x_wconf 94' lang='lat' dir='ltr'>ipso</span> <span class='ocrx_word' id='word_1_85' title='bbox 2633 1828 2932 1929; x_wconf 85' lang='lat' dir='ltr'>potuiffe</span> <span class='ocrx_word' id='word_1_86' title='bbox 2963 1858 2983 1921; x_wconf 81' lang='lat'>3</span> <span class='ocrx_word' id='word_1_87' title='bbox 3042 1828 3453 1904; x_wconf 81' lang='lat' dir='ltr'>accersitum</span> <span class='ocrx_word' id='word_1_88' title='bbox 3489 1856 3593 1905; x_wconf 88' lang='lat' dir='ltr'>re-</span> 
     </span>
     <span class='ocr_line' id='line_1_12' title="bbox 682 1948 3595 2052; baseline 0.001 -28"><span class='ocrx_word' id='word_1_89' title='bbox 682 1950 818 2050; x_wconf 88' lang='lat' dir='ltr'>giis</span> <span class='ocrx_word' id='word_1_90' title='bbox 850 1950 1092 2036; x_wconf 87' lang='lat' dir='ltr'>literis,</span> <span class='ocrx_word' id='word_1_91' title='bbox 1128 1949 1452 2050; x_wconf 85' lang='lat' dir='ltr'>paruiffe,</span> <span class='ocrx_word' id='word_1_92' title='bbox 1487 1951 1612 2025; x_wconf 90' lang='lat' dir='ltr'>sua</span> <span class='ocrx_word' id='word_1_93' title='bbox 1662 1951 1908 2050; x_wconf 90' lang='lat' dir='ltr'>sponte</span> <span class='ocrx_word' id='word_1_94' title='bbox 1954 1948 2252 2040; x_wconf 82' lang='lat' dir='ltr'>veniffe3</span> <span class='ocrx_word' id='word_1_95' title='bbox 2308 1948 2360 2024; x_wconf 91' lang='lat' dir='ltr'><strong>fi</strong></span> <span class='ocrx_word' id='word_1_96' title='bbox 2396 1950 2568 2051; x_wconf 89' lang='lat' dir='ltr'>quid</span> <span class='ocrx_word' id='word_1_97' title='bbox 2604 1961 2849 2024; x_wconf 88' lang='lat' dir='ltr'>contra</span> <span class='ocrx_word' id='word_1_98' title='bbox 2885 1976 3049 2025; x_wconf 89' lang='lat' dir='ltr'>eum</span> <span class='ocrx_word' id='word_1_99' title='bbox 3083 1950 3399 2041; x_wconf 90' lang='lat' dir='ltr'>haberet,</span> <span class='ocrx_word' id='word_1_100' title='bbox 3432 1952 3595 2052; x_wconf 88' lang='lat' dir='ltr'>jure</span> 
     </span>
     <span class='ocr_line' id='line_1_13' title="bbox 685 2068 3594 2172; baseline 0 -26"><span class='ocrx_word' id='word_1_101' title='bbox 685 2083 953 2172; x_wconf 86' lang='lat' dir='ltr'>ageret,</span> <span class='ocrx_word' id='word_1_102' title='bbox 992 2096 1120 2171; x_wconf 88' lang='lat' dir='ltr'>pro</span> <span class='ocrx_word' id='word_1_103' title='bbox 1158 2073 1226 2146; x_wconf 86' lang='lat' dir='ltr'>se</span> <span class='ocrx_word' id='word_1_104' title='bbox 1263 2072 1774 2172; x_wconf 89' lang='lat' dir='ltr'>responsurum.</span> <span class='ocrx_word' id='word_1_105' title='bbox 1859 2068 2002 2145; x_wconf 89' lang='lat' dir='ltr'>Ubi</span> <span class='ocrx_word' id='word_1_106' title='bbox 2032 2071 2345 2145; x_wconf 84' lang='lat' dir='ltr'>dimifl&#39;us</span> <span class='ocrx_word' id='word_1_107' title='bbox 2378 2071 2452 2144; x_wconf 88' lang='lat' dir='ltr'>in</span> <span class='ocrx_word' id='word_1_108' title='bbox 2486 2068 2866 2170; x_wconf 90' lang='lat' dir='ltr'>hospitium</span> <span class='ocrx_word' id='word_1_109' title='bbox 2885 2073 3099 2161; x_wconf 88' lang='lat' dir='ltr'>venit,</span> <span class='ocrx_word' id='word_1_110' title='bbox 3127 2071 3594 2157; x_wconf 86' lang='lat' dir='ltr'>subsecutum,</span> 
     </span>
     <span class='ocr_line' id='line_1_14' title="bbox 686 2190 3592 2292; baseline 0 -27"><span class='ocrx_word' id='word_1_111' title='bbox 686 2193 874 2292; x_wconf 87' lang='lat' dir='ltr'>regis</span> <span class='ocrx_word' id='word_1_112' title='bbox 907 2193 1216 2282; x_wconf 87' lang='lat' dir='ltr'>nomine,</span> <span class='ocrx_word' id='word_1_113' title='bbox 1255 2191 1695 2277; x_wconf 87' lang='lat' dir='ltr'>mandatum,</span> <span class='ocrx_word' id='word_1_114' title='bbox 1731 2205 1810 2266; x_wconf 89' lang='lat' dir='ltr'>ut</span> <span class='ocrx_word' id='word_1_115' title='bbox 1846 2194 1916 2267; x_wconf 86' lang='lat' dir='ltr'>se</span> <span class='ocrx_word' id='word_1_116' title='bbox 1961 2192 2104 2266; x_wconf 92' lang='lat' dir='ltr'>illic</span> <span class='ocrx_word' id='word_1_117' title='bbox 2156 2193 2574 2267; x_wconf 90' lang='lat' dir='ltr'>contineret.</span> <span class='ocrx_word' id='word_1_118' title='bbox 2683 2190 2993 2266; x_wconf 90' lang='lat' dir='ltr'>Biduum</span> <span class='ocrx_word' id='word_1_119' title='bbox 3046 2191 3143 2266; x_wconf 93' lang='lat' dir='ltr'>ibi</span> <span class='ocrx_word' id='word_1_120' title='bbox 3196 2192 3592 2292; x_wconf 90' lang='lat' dir='ltr'>permanfit,</span> 
     </span>
     <span class='ocr_line' id='line_1_15' title="bbox 687 2311 3594 2414; baseline 0.001 -28"><span class='ocrx_word' id='word_1_121' title='bbox 687 2314 894 2387; x_wconf 90' lang='lat' dir='ltr'>tertio</span> <span class='ocrx_word' id='word_1_122' title='bbox 930 2312 1217 2388; x_wconf 91' lang='lat' dir='ltr'>demum</span> <span class='ocrx_word' id='word_1_123' title='bbox 1252 2313 1389 2404; x_wconf 91' lang='lat' dir='ltr'>die,</span> <span class='ocrx_word' id='word_1_124' title='bbox 1429 2338 1555 2414; x_wconf 90' lang='lat' dir='ltr'>per</span> <span class='ocrx_word' id='word_1_125' title='bbox 1587 2312 1917 2388; x_wconf 90' lang='lat' dir='ltr'>libellum·</span> <span class='ocrx_word' id='word_1_126' title='bbox 1940 2313 2354 2413; x_wconf 87' lang='lat' dir='ltr'>supplicem,</span> <span class='ocrx_word' id='word_1_127' title='bbox 2391 2314 2677 2413; x_wconf 90' lang='lat' dir='ltr'>questus</span> <span class='ocrx_word' id='word_1_128' title='bbox 2724 2313 2795 2388; x_wconf 91' lang='lat' dir='ltr'>se</span> <span class='ocrx_word' id='word_1_129' title='bbox 2831 2313 3020 2413; x_wconf 87' lang='lat' dir='ltr'>regis</span> <span class='ocrx_word' id='word_1_130' title='bbox 3045 2311 3233 2413; x_wconf 83' lang='lat' dir='ltr'>juffu</span> <span class='ocrx_word' id='word_1_131' title='bbox 3268 2314 3594 2404; x_wconf 89' lang='lat' dir='ltr'>accitum,</span> 
     </span>
     <span class='ocr_line' id='line_1_16' title="bbox 687 2433 3599 2535; baseline 0 -27"><span class='ocrx_word' id='word_1_132' title='bbox 687 2448 763 2508; x_wconf 90' lang='lat' dir='ltr'>ut</span> <span class='ocrx_word' id='word_1_133' title='bbox 799 2434 889 2509; x_wconf 93' lang='lat' dir='ltr'>de</span> <span class='ocrx_word' id='word_1_134' title='bbox 921 2435 1145 2510; x_wconf 91' lang='lat' dir='ltr'>limite</span> <span class='ocrx_word' id='word_1_135' title='bbox 1179 2435 1653 2535; x_wconf 88' lang='lat' dir='ltr'>responderet,</span> <span class='ocrx_word' id='word_1_136' title='bbox 1692 2446 2035 2535; x_wconf 90' lang='lat' dir='ltr'>tanquam</span> <span class='ocrx_word' id='word_1_137' title='bbox 2072 2435 2452 2535; x_wconf 90' lang='lat' dir='ltr'>captivum,</span> <span class='ocrx_word' id='word_1_138' title='bbox 2493 2433 2752 2510; x_wconf 89' lang='lat' dir='ltr'>nullius</span> <span class='ocrx_word' id='word_1_139' title='bbox 2780 2434 3088 2509; x_wconf 89' lang='lat' dir='ltr'>criminis</span> <span class='ocrx_word' id='word_1_140' title='bbox 3120 2434 3599 2521; x_wconf 89' lang='lat' dir='ltr'>manifestum,</span> 
     </span>
     <span class='ocr_line' id='line_1_17' title="bbox 689 2554 3599 2657; baseline 0.001 -28"><span class='ocrx_word' id='word_1_141' title='bbox 689 2554 1038 2646; x_wconf 83' lang='lat' dir='ltr'>detineri3</span> <span class='ocrx_word' id='word_1_142' title='bbox 1095 2557 1320 2631; x_wconf 90' lang='lat' dir='ltr'>oravit</span> <span class='ocrx_word' id='word_1_143' title='bbox 1381 2568 1458 2630; x_wconf 93' lang='lat' dir='ltr'>ut</span> <span class='ocrx_word' id='word_1_144' title='bbox 1515 2557 1795 2655; x_wconf 88' lang='lat' dir='ltr'>copiam</span> <span class='ocrx_word' id='word_1_145' title='bbox 1849 2579 1978 2655; x_wconf 92' lang='lat' dir='ltr'>pro</span> <span class='ocrx_word' id='word_1_146' title='bbox 2012 2556 2082 2630; x_wconf 89' lang='lat' dir='ltr'>se</span> <span class='ocrx_word' id='word_1_147' title='bbox 2117 2555 2586 2654; x_wconf 89' lang='lat' dir='ltr'>respondendi</span> <span class='ocrx_word' id='word_1_148' title='bbox 2637 2555 2927 2645; x_wconf 89' lang='lat' dir='ltr'>faciant,</span> <span class='ocrx_word' id='word_1_149' title='bbox 2966 2555 3017 2630; x_wconf 92' lang='lat' dir='ltr'><strong>fi</strong></span> <span class='ocrx_word' id='word_1_150' title='bbox 3054 2556 3385 2631; x_wconf 91' lang='lat' dir='ltr'>accusare</span> <span class='ocrx_word' id='word_1_151' title='bbox 3440 2557 3599 2657; x_wconf 89' lang='lat' dir='ltr'>quis</span> 
     </span>
     <span class='ocr_line' id='line_1_18' title="bbox 689 2674 3599 2774; baseline 0.001 -24"><span class='ocrx_word' id='word_1_152' title='bbox 689 2675 922 2750; x_wconf 87' lang='lat' dir='ltr'>vellet.</span> <span class='ocrx_word' id='word_1_153' title='bbox 1031 2675 1095 2750; x_wconf 91' lang='lat' dir='ltr'>It</span> <span class='ocrx_word' id='word_1_154' title='bbox 1131 2675 1223 2750; x_wconf 91' lang='lat' dir='ltr'>ad</span> <span class='ocrx_word' id='word_1_155' title='bbox 1275 2675 1653 2750; x_wconf 90' lang='lat' dir='ltr'>concilium</span> <span class='ocrx_word' id='word_1_156' title='bbox 1689 2691 2004 2760; x_wconf 87' lang='lat' dir='ltr'>vocatus,</span> <span class='ocrx_word' id='word_1_157' title='bbox 2042 2689 2115 2750; x_wconf 88' lang='lat' dir='ltr'>et</span> <span class='ocrx_word' id='word_1_158' title='bbox 2149 2676 2343 2750; x_wconf 88' lang='lat' dir='ltr'>varia</span> <span class='ocrx_word' id='word_1_159' title='bbox 2377 2676 2469 2750; x_wconf 90' lang='lat' dir='ltr'>de</span> <span class='ocrx_word' id='word_1_160' title='bbox 2508 2674 2829 2774; x_wconf 86' lang='lat' dir='ltr'>Angufio</span> <span class='ocrx_word' id='word_1_161' title='bbox 2866 2687 2937 2750; x_wconf 90' lang='lat' dir='ltr'>et</span> <span class='ocrx_word' id='word_1_162' title='bbox 2978 2677 3341 2752; x_wconf 87' lang='lat' dir='ltr'>Mortonio</span> <span class='ocrx_word' id='word_1_163' title='bbox 3388 2679 3599 2752; x_wconf 91' lang='lat' dir='ltr'>inter-</span> 
     </span>
     <span class='ocr_line' id='line_1_19' title="bbox 689 2796 3606 2897; baseline 0.002 -27"><span class='ocrx_word' id='word_1_164' title='bbox 689 2809 1002 2896; x_wconf 69' lang='lat' dir='ltr'>rogatus»,</span> <span class='ocrx_word' id='word_1_165' title='bbox 1043 2797 1252 2872; x_wconf 85' lang='lat' dir='ltr'>facile</span> <span class='ocrx_word' id='word_1_166' title='bbox 1306 2797 1398 2871; x_wconf 89' lang='lat' dir='ltr'>ad</span> <span class='ocrx_word' id='word_1_167' title='bbox 1450 2797 1690 2871; x_wconf 89' lang='lat' dir='ltr'>omnia</span> <span class='ocrx_word' id='word_1_168' title='bbox 1740 2796 2118 2896; x_wconf 89' lang='lat' dir='ltr'>respondit,</span> <span class='ocrx_word' id='word_1_169' title='bbox 2158 2808 2230 2871; x_wconf 91' lang='lat' dir='ltr'>et</span> <span class='ocrx_word' id='word_1_170' title='bbox 2275 2797 2346 2871; x_wconf 92' lang='lat' dir='ltr'>in</span> <span class='ocrx_word' id='word_1_171' title='bbox 2401 2797 2780 2897; x_wconf 86' lang='lat' dir='ltr'>hospitium</span> <span class='ocrx_word' id='word_1_172' title='bbox 2812 2797 3152 2872; x_wconf 74' lang='lat' dir='ltr'>remissus,</span> <span class='ocrx_word' id='word_1_173' title='bbox 3261 2798 3606 2875; x_wconf 87' lang='lat' dir='ltr'>Postridie</span> 
     </span>
     <span class='ocr_line' id='line_1_20' title="bbox 695 2917 3607 3018; baseline 0.001 -26"><span class='ocrx_word' id='word_1_174' title='bbox 695 2917 1031 2992; x_wconf 90' lang='lat' dir='ltr'>Perthum</span> <span class='ocrx_word' id='word_1_175' title='bbox 1055 2919 1416 3018; x_wconf 85' lang='lat' dir='ltr'>relegatus</span> <span class='ocrx_word' id='word_1_176' title='bbox 1439 2917 1560 3008; x_wconf 90' lang='lat' dir='ltr'>est,</span> <span class='ocrx_word' id='word_1_177' title='bbox 1588 2918 1780 2993; x_wconf 89' lang='lat' dir='ltr'>haud</span> <span class='ocrx_word' id='word_1_178' title='bbox 1807 2918 2018 3018; x_wconf 88' lang='lat' dir='ltr'>plane</span> <span class='ocrx_word' id='word_1_179' title='bbox 2039 2917 2321 3004; x_wconf 72' lang='lat' dir='ltr'>invitus,</span> <span class='ocrx_word' id='word_1_180' title='bbox 2349 2929 2430 2992; x_wconf 92' lang='lat' dir='ltr'>ut</span> <span class='ocrx_word' id='word_1_181' title='bbox 2456 2919 2669 2994; x_wconf 91' lang='lat' dir='ltr'>domo</span> <span class='ocrx_word' id='word_1_182' title='bbox 2692 2919 2962 2994; x_wconf 91' lang='lat' dir='ltr'>tamdiu</span> <span class='ocrx_word' id='word_1_183' title='bbox 2988 2918 3273 3010; x_wconf 83' lang='lat' dir='ltr'>abeffet,</span> <span class='ocrx_word' id='word_1_184' title='bbox 3294 2920 3464 2994; x_wconf 92' lang='lat' dir='ltr'>dum</span> <span class='ocrx_word' id='word_1_185' title='bbox 3486 2920 3607 2996; x_wconf 88' lang='lat' dir='ltr'>illa</span> 
     </span>
     <span class='ocr_line' id='line_1_21' title="bbox 692 3039 3596 3143; baseline 0.001 -31"><span class='ocrx_word' id='word_1_186' title='bbox 692 3064 852 3138; x_wconf 85' lang='lat' dir='ltr'>quae</span> <span class='ocrx_word' id='word_1_187' title='bbox 904 3051 1150 3113; x_wconf 88' lang='lat' dir='ltr'>contra</span> <span class='ocrx_word' id='word_1_188' title='bbox 1205 3039 1646 3114; x_wconf 88' lang='lat' dir='ltr'>Mortonium</span> <span class='ocrx_word' id='word_1_189' title='bbox 1700 3039 2125 3140; x_wconf 89' lang='lat' dir='ltr'>coquebant,</span> <span class='ocrx_word' id='word_1_190' title='bbox 2183 3065 2491 3140; x_wconf 69' lang='lat' dir='ltr'>quaeque</span> <span class='ocrx_word' id='word_1_191' title='bbox 2538 3040 2657 3115; x_wconf 93' lang='lat' dir='ltr'>ille</span> <span class='ocrx_word' id='word_1_192' title='bbox 2708 3040 3051 3143; x_wconf 87' lang='lat' dir='ltr'>impedire</span> <span class='ocrx_word' id='word_1_193' title='bbox 3096 3067 3239 3115; x_wconf 90' lang='lat' dir='ltr'>non</span> <span class='ocrx_word' id='word_1_194' title='bbox 3291 3053 3596 3140; x_wconf 87' lang='lat' dir='ltr'>poterat,</span> 
     </span>
     <span class='ocr_line' id='line_1_22' title="bbox 693 3161 3597 3262; baseline 0 -25"><span class='ocrx_word' id='word_1_195' title='bbox 693 3161 1214 3262; x_wconf 89' lang='lat' dir='ltr'>perficerentur.</span> <span class='ocrx_word' id='word_1_196' title='bbox 1323 3161 1432 3236; x_wconf 91' lang='lat' dir='ltr'>Ibi</span> <span class='ocrx_word' id='word_1_197' title='bbox 1484 3161 2042 3262; x_wconf 89' lang='lat' dir='ltr'>sesquimensem,</span> <span class='ocrx_word' id='word_1_198' title='bbox 2101 3186 2364 3261; x_wconf 86' lang='lat' dir='ltr'>magno</span> <span class='ocrx_word' id='word_1_199' title='bbox 2417 3161 2489 3235; x_wconf 90' lang='lat' dir='ltr'>in</span> <span class='ocrx_word' id='word_1_200' title='bbox 2542 3161 2835 3248; x_wconf 90' lang='lat' dir='ltr'>honore,</span> <span class='ocrx_word' id='word_1_201' title='bbox 2878 3161 2999 3237; x_wconf 89' lang='lat' dir='ltr'>ubi</span> <span class='ocrx_word' id='word_1_202' title='bbox 3052 3163 3241 3236; x_wconf 91' lang='lat' dir='ltr'>enim</span> <span class='ocrx_word' id='word_1_203' title='bbox 3282 3162 3597 3238; x_wconf 87' lang='lat' dir='ltr'>Gaurius</span> 
     </span>
     <span class='ocr_line' id='line_1_23' title="bbox 693 3281 3605 3383; baseline 0.001 -25"><span class='ocrx_word' id='word_1_204' title='bbox 693 3294 1015 3383; x_wconf 87' lang='lat' dir='ltr'>praeerat,</span> <span class='ocrx_word' id='word_1_205' title='bbox 1073 3309 1160 3358; x_wconf 88' lang='lat' dir='ltr'>ac</span> <span class='ocrx_word' id='word_1_206' title='bbox 1210 3283 1311 3357; x_wconf 85' lang='lat' dir='ltr'>ita</span> <span class='ocrx_word' id='word_1_207' title='bbox 1362 3281 1634 3358; x_wconf 85' lang='lat' dir='ltr'>civibus</span> <span class='ocrx_word' id='word_1_208' title='bbox 1680 3281 2091 3372; x_wconf 88' lang='lat' dir='ltr'>mandabat,</span> <span class='ocrx_word' id='word_1_209' title='bbox 2149 3294 2223 3357; x_wconf 90' lang='lat' dir='ltr'>et</span> <span class='ocrx_word' id='word_1_210' title='bbox 2273 3285 2543 3358; x_wconf 86' lang='lat' dir='ltr'>summa</span> <span class='ocrx_word' id='word_1_211' title='bbox 2594 3282 2784 3383; x_wconf 86' lang='lat' dir='ltr'>apud</span> <span class='ocrx_word' id='word_1_212' title='bbox 2838 3308 3084 3359; x_wconf 87' lang='lat' dir='ltr'>omnes</span> <span class='ocrx_word' id='word_1_213' title='bbox 3130 3285 3383 3380; x_wconf 74' lang='lat' dir='ltr'>gratia,</span> <span class='ocrx_word' id='word_1_214' title='bbox 3440 3311 3605 3360; x_wconf 92' lang='lat' dir='ltr'>cum</span> 
     </span>
     <span class='ocr_line' id='line_1_24' title="bbox 697 3402 3607 3505; baseline 0 -27"><span class='ocrx_word' id='word_1_215' title='bbox 697 3431 913 3480; x_wconf 84' lang='lat' dir='ltr'>uxore</span> <span class='ocrx_word' id='word_1_216' title='bbox 966 3416 1039 3478; x_wconf 90' lang='lat' dir='ltr'>et</span> <span class='ocrx_word' id='word_1_217' title='bbox 1089 3404 1380 3493; x_wconf 84' lang='lat' dir='ltr'>familia,</span> <span class='ocrx_word' id='word_1_218' title='bbox 1433 3403 1828 3504; x_wconf 82' lang='lat' dir='ltr'>permansit,</span> <span class='ocrx_word' id='word_1_219' title='bbox 1883 3429 2028 3477; x_wconf 89' lang='lat' dir='ltr'>non</span> <span class='ocrx_word' id='word_1_220' title='bbox 2082 3404 2348 3505; x_wconf 88' lang='lat' dir='ltr'>absque</span> <span class='ocrx_word' id='word_1_221' title='bbox 2399 3402 2613 3478; x_wconf 79' lang='lat' dir='ltr'>taedio</span> <span class='ocrx_word' id='word_1_222' title='bbox 2666 3415 2905 3479; x_wconf 89' lang='lat' dir='ltr'>tamen</span> <span class='ocrx_word' id='word_1_223' title='bbox 2956 3405 3328 3494; x_wconf 86' lang='lat' dir='ltr'>diuturnae,</span> <span class='ocrx_word' id='word_1_224' title='bbox 3380 3418 3457 3480; x_wconf 93' lang='lat' dir='ltr'>ut</span> <span class='ocrx_word' id='word_1_225' title='bbox 3508 3406 3607 3480; x_wconf 91' lang='lat' dir='ltr'>illi</span> 
     </span>
     <span class='ocr_line' id='line_1_25' title="bbox 695 3523 3607 3626; baseline 0 -26"><span class='ocrx_word' id='word_1_226' title='bbox 695 3527 838 3600; x_wconf 84' lang='lat' dir='ltr'>visa</span> <span class='ocrx_word' id='word_1_227' title='bbox 872 3525 998 3611; x_wconf 88' lang='lat' dir='ltr'>est,</span> <span class='ocrx_word' id='word_1_228' title='bbox 1035 3525 1395 3601; x_wconf 86' lang='lat' dir='ltr'>custodiae.</span> <span class='ocrx_word' id='word_1_229' title='bbox 1503 3525 1918 3625; x_wconf 89' lang='lat' dir='ltr'>Reliquerat</span> <span class='ocrx_word' id='word_1_230' title='bbox 1961 3539 2223 3614; x_wconf 86' lang='lat' dir='ltr'>autem,</span> <span class='ocrx_word' id='word_1_231' title='bbox 2265 3549 2429 3600; x_wconf 90' lang='lat' dir='ltr'>cum</span> <span class='ocrx_word' id='word_1_232' title='bbox 2483 3524 2797 3598; x_wconf 88' lang='lat' dir='ltr'>Edinum</span> <span class='ocrx_word' id='word_1_233' title='bbox 2842 3523 3185 3626; x_wconf 76' lang='lat' dir='ltr'>ingressus</span> <span class='ocrx_word' id='word_1_234' title='bbox 3220 3524 3343 3616; x_wconf 86' lang='lat' dir='ltr'>est,</span> <span class='ocrx_word' id='word_1_235' title='bbox 3386 3525 3607 3602; x_wconf 87' lang='lat' dir='ltr'>Davi-</span> 
     </span>
     <span class='ocr_line' id='line_1_26' title="bbox 698 3644 3609 3746; baseline -0 -24"><span class='ocrx_word' id='word_1_236' title='bbox 698 3649 861 3723; x_wconf 90' lang='lat' dir='ltr'>dem</span> <span class='ocrx_word' id='word_1_237' title='bbox 912 3648 1199 3722; x_wconf 88' lang='lat' dir='ltr'>sratrem</span> <span class='ocrx_word' id='word_1_238' title='bbox 1262 3659 1462 3722; x_wconf 87' lang='lat' dir='ltr'>extra</span> <span class='ocrx_word' id='word_1_239' title='bbox 1521 3671 1704 3735; x_wconf 86' lang='lat' dir='ltr'>eam,</span> <span class='ocrx_word' id='word_1_240' title='bbox 1761 3645 2337 3746; x_wconf 84' lang='lat' dir='ltr'>qualemcunque</span> <span class='ocrx_word' id='word_1_241' title='bbox 2387 3645 2647 3720; x_wconf 81' lang='lat' dir='ltr'>futurae</span> <span class='ocrx_word' id='word_1_242' title='bbox 2702 3646 3006 3720; x_wconf 81' lang='lat' dir='ltr'>fortunae</span> <span class='ocrx_word' id='word_1_243' title='bbox 3064 3645 3321 3720; x_wconf 86' lang='lat' dir='ltr'>aleam.</span> <span class='ocrx_word' id='word_1_244' title='bbox 3428 3644 3609 3745; x_wconf 81' lang='lat' dir='ltr'>Ejus</span> 
     </span>
     <span class='ocr_line' id='line_1_27' title="bbox 697 3765 3609 3868; baseline -0.001 -24"><span class='ocrx_word' id='word_1_245' title='bbox 697 3795 937 3868; x_wconf 87' lang='lat' dir='ltr'>opera,</span> <span class='ocrx_word' id='word_1_246' title='bbox 974 3765 1324 3842; x_wconf 83' lang='lat' dir='ltr'>Johannae</span> <span class='ocrx_word' id='word_1_247' title='bbox 1367 3765 1803 3868; x_wconf 86' lang='lat' dir='ltr'>Hepburnae,</span> <span class='ocrx_word' id='word_1_248' title='bbox 1839 3767 2071 3866; x_wconf 88' lang='lat' dir='ltr'>patrui</span> <span class='ocrx_word' id='word_1_249' title='bbox 2108 3766 2363 3852; x_wconf 83' lang='lat' dir='ltr'>viduae,</span> <span class='ocrx_word' id='word_1_250' title='bbox 2401 3765 2793 3841; x_wconf 84' lang='lat' dir='ltr'>calumnias</span> <span class='ocrx_word' id='word_1_251' title='bbox 2828 3766 3132 3868; x_wconf 88' lang='lat' dir='ltr'>dispulit,</span> <span class='ocrx_word' id='word_1_252' title='bbox 3174 3792 3336 3866; x_wconf 80' lang='lat' dir='ltr'>quae</span> <span class='ocrx_word' id='word_1_253' title='bbox 3382 3767 3609 3842; x_wconf 87' lang='lat' dir='ltr'>samu·</span> 
     </span>
     <span class='ocr_line' id='line_1_28' title="bbox 693 3886 3594 3990; baseline -0.001 -25"><span class='ocrx_word' id='word_1_254' title='bbox 693 3892 800 3965; x_wconf 86' lang='lat' dir='ltr'>los</span> <span class='ocrx_word' id='word_1_255' title='bbox 860 3887 1070 3990; x_wconf 90' lang='lat' dir='ltr'>ipfius</span> <span class='ocrx_word' id='word_1_256' title='bbox 1131 3889 1270 3962; x_wconf 91' lang='lat' dir='ltr'>vim</span> <span class='ocrx_word' id='word_1_257' title='bbox 1331 3887 1570 3962; x_wconf 88' lang='lat' dir='ltr'>feciali</span> <span class='ocrx_word' id='word_1_258' title='bbox 1630 3887 1929 3961; x_wconf 78' lang='lat' dir='ltr'>intulifi‘e</span> <span class='ocrx_word' id='word_1_259' title='bbox 1999 3888 2311 3973; x_wconf 89' lang='lat' dir='ltr'>causata,</span> <span class='ocrx_word' id='word_1_260' title='bbox 2381 3887 2632 3986; x_wconf 86' lang='lat' dir='ltr'>capitis</span> <span class='ocrx_word' id='word_1_261' title='bbox 2700 3886 3160 3962; x_wconf 85' lang='lat' dir='ltr'>arcefliverat.</span> <span class='ocrx_word' id='word_1_262' title='bbox 3292 3886 3594 3963; x_wconf 86' lang='lat' dir='ltr'>Davidis</span> 
     </span>
     <span class='ocr_line' id='line_1_29' title="bbox 700 4007 3608 4111; baseline -0.001 -24"><span class='ocrx_word' id='word_1_263' title='bbox 700 4012 948 4087; x_wconf 92' lang='lat' dir='ltr'>Humii</span> <span class='ocrx_word' id='word_1_264' title='bbox 985 4013 1328 4111; x_wconf 89' lang='lat' dir='ltr'>impetum</span> <span class='ocrx_word' id='word_1_265' title='bbox 1381 4035 1670 4109; x_wconf 93' lang='lat' dir='ltr'>quoque</span> <span class='ocrx_word' id='word_1_266' title='bbox 1721 4007 2030 4107; x_wconf 88' lang='lat' dir='ltr'>repreffit</span> <span class='ocrx_word' id='word_1_267' title='bbox 2085 4009 2278 4109; x_wconf 86' lang='lat' dir='ltr'>(erat</span> <span class='ocrx_word' id='word_1_268' title='bbox 2323 4007 2382 4083; x_wconf 88' lang='lat' dir='ltr'>is</span> <span class='ocrx_word' id='word_1_269' title='bbox 2433 4007 2920 4083; x_wconf 88' lang='lat' dir='ltr'>Mauderstoni</span> <span class='ocrx_word' id='word_1_270' title='bbox 2960 4008 3165 4098; x_wconf 86' lang='lat' dir='ltr'>filius,</span> <span class='ocrx_word' id='word_1_271' title='bbox 3238 4008 3608 4084; x_wconf 86' lang='lat' dir='ltr'>Crenchis·</span> 
     </span>
     <span class='ocr_line' id='line_1_30' title="bbox 697 4127 3609 4231; baseline -0.001 -25"><span class='ocrx_word' id='word_1_272' title='bbox 697 4132 906 4207; x_wconf 87' lang='lat' dir='ltr'>dinus</span> <span class='ocrx_word' id='word_1_273' title='bbox 952 4131 1225 4229; x_wconf 60' lang='lat' dir='ltr'>dictus)</span> <span class='ocrx_word' id='word_1_274' title='bbox 1265 4130 1407 4231; x_wconf 93' lang='lat' dir='ltr'>qui,</span> <span class='ocrx_word' id='word_1_275' title='bbox 1463 4129 1618 4228; x_wconf 82' lang='lat' dir='ltr'>ejus</span> <span class='ocrx_word' id='word_1_276' title='bbox 1670 4129 1990 4204; x_wconf 86' lang='lat' dir='ltr'>absentia</span> <span class='ocrx_word' id='word_1_277' title='bbox 2041 4128 2365 4213; x_wconf 81' lang='lat' dir='ltr'>confisuS,</span> <span class='ocrx_word' id='word_1_278' title='bbox 2400 4129 2473 4202; x_wconf 91' lang='lat' dir='ltr'>in</span> <span class='ocrx_word' id='word_1_279' title='bbox 2525 4139 2769 4218; x_wconf 88' lang='lat' dir='ltr'>terras,</span> <span class='ocrx_word' id='word_1_280' title='bbox 2814 4154 2975 4229; x_wconf 85' lang='lat' dir='ltr'>quae</span> <span class='ocrx_word' id='word_1_281' title='bbox 3030 4127 3501 4230; x_wconf 87' lang='lat' dir='ltr'>Ramriggum</span> <span class='ocrx_word' id='word_1_282' title='bbox 3536 4141 3609 4203; x_wconf 91' lang='lat' dir='ltr'>et</span> 
     </span>
     <span class='ocr_line' id='line_1_31' title="bbox 707 4247 3606 4350; baseline -0.002 -21"><span class='ocrx_word' id='word_1_283' title='bbox 707 4254 1134 4329; x_wconf 88' lang='lat' dir='ltr'>Suintouum</span> <span class='ocrx_word' id='word_1_284' title='bbox 1185 4251 1364 4325; x_wconf 90' lang='lat' dir='ltr'>inter</span> <span class='ocrx_word' id='word_1_285' title='bbox 1426 4250 1888 4325; x_wconf 84' lang='lat' dir='ltr'>contraversae</span> <span class='ocrx_word' id='word_1_286' title='bbox 1948 4249 2246 4349; x_wconf 82' lang='lat' dir='ltr'>jacent,</span> <span class='ocrx_word' id='word_1_287' title='bbox 2327 4248 2745 4350; x_wconf 83' lang='lat' dir='ltr'>Simpriniae,</span> <span class='ocrx_word' id='word_1_288' title='bbox 2811 4273 3029 4349; x_wconf 87' lang='lat' dir='ltr'>quam</span> <span class='ocrx_word' id='word_1_289' title='bbox 3085 4247 3275 4324; x_wconf 90' lang='lat' dir='ltr'>dono</span> <span class='ocrx_word' id='word_1_290' title='bbox 3339 4277 3382 4323; x_wconf 90' lang='lat' dir='ltr'>a</span> <span class='ocrx_word' id='word_1_291' title='bbox 3440 4249 3606 4325; x_wconf 88' lang='lat' dir='ltr'>fisco</span> 
     </span>
     <span class='ocr_line' id='line_1_32' title="bbox 698 4369 3606 4473; baseline -0.002 -24"><span class='ocrx_word' id='word_1_292' title='bbox 698 4373 1000 4473; x_wconf 89' lang='lat' dir='ltr'>accepit,</span> <span class='ocrx_word' id='word_1_293' title='bbox 1035 4371 1390 4447; x_wconf 90' lang='lat' dir='ltr'>vindicare</span> <span class='ocrx_word' id='word_1_294' title='bbox 1444 4382 1778 4471; x_wconf 86' lang='lat' dir='ltr'>coeperat,</span> <span class='ocrx_word' id='word_1_295' title='bbox 1836 4381 1910 4444; x_wconf 87' lang='lat' dir='ltr'>et</span> <span class='ocrx_word' id='word_1_296' title='bbox 1959 4370 2244 4444; x_wconf 90' lang='lat' dir='ltr'>tertium</span> <span class='ocrx_word' id='word_1_297' title='bbox 2280 4371 2351 4445; x_wconf 90' lang='lat' dir='ltr'>se</span> <span class='ocrx_word' id='word_1_298' title='bbox 2400 4369 2721 4468; x_wconf 84' lang='lat' dir='ltr'>Georgio</span> <span class='ocrx_word' id='word_1_299' title='bbox 2774 4381 2845 4444; x_wconf 87' lang='lat' dir='ltr'>et</span> <span class='ocrx_word' id='word_1_300' title='bbox 2895 4369 3206 4444; x_wconf 86' lang='lat' dir='ltr'>Johanni</span> <span class='ocrx_word' id='word_1_301' title='bbox 3251 4371 3606 4446; x_wconf 89' lang='lat' dir='ltr'>Suintono</span> 
     </span>
     <span class='ocr_line' id='line_1_33' title="bbox 699 4489 3611 4592; baseline -0.001 -23"><span class='ocrx_word' id='word_1_302' title='bbox 699 4495 1132 4592; x_wconf 87' lang='lat' dir='ltr'>litigatorem</span> <span class='ocrx_word' id='word_1_303' title='bbox 1154 4491 1440 4581; x_wconf 81' lang='lat' dir='ltr'>addere,</span> <span class='ocrx_word' id='word_1_304' title='bbox 1469 4491 1644 4566; x_wconf 89' lang='lat' dir='ltr'>acin</span> <span class='ocrx_word' id='word_1_305' title='bbox 1677 4489 2158 4592; x_wconf 79' lang='lat' dir='ltr'>pofl&#39;effiouem</span> <span class='ocrx_word' id='word_1_306' title='bbox 2180 4491 2752 4592; x_wconf 90' lang='lat' dir='ltr'>qualemcunque</span> <span class='ocrx_word' id='word_1_307' title='bbox 2780 4492 2851 4566; x_wconf 90' lang='lat' dir='ltr'>se</span> <span class='ocrx_word' id='word_1_308' title='bbox 2880 4491 3259 4566; x_wconf 88' lang='lat' dir='ltr'>intrudere.</span> <span class='ocrx_word' id='word_1_309' title='bbox 3339 4490 3611 4567; x_wconf 87' lang='lat' dir='ltr'>Verum</span> 
     </span>
     <span class='ocr_line' id='line_1_34' title="bbox 703 4610 3607 4712; baseline -0.001 -22"><span class='ocrx_word' id='word_1_310' title='bbox 703 4615 943 4690; x_wconf 89' lang='lat' dir='ltr'>David</span> <span class='ocrx_word' id='word_1_311' title='bbox 976 4614 1214 4700; x_wconf 88' lang='lat' dir='ltr'>frater,</span> <span class='ocrx_word' id='word_1_312' title='bbox 1247 4612 1368 4688; x_wconf 93' lang='lat' dir='ltr'>ubi</span> <span class='ocrx_word' id='word_1_313' title='bbox 1403 4612 1474 4686; x_wconf 92' lang='lat' dir='ltr'>id</span> <span class='ocrx_word' id='word_1_314' title='bbox 1506 4612 1776 4687; x_wconf 89' lang='lat' dir='ltr'>rescivit</span> <span class='ocrx_word' id='word_1_315' title='bbox 1813 4612 1954 4712; x_wconf 83' lang='lat' dir='ltr'>agi,</span> <span class='ocrx_word' id='word_1_316' title='bbox 1981 4610 2215 4686; x_wconf 90' lang='lat' dir='ltr'>scribit</span> <span class='ocrx_word' id='word_1_317' title='bbox 2242 4611 2335 4687; x_wconf 90' lang='lat' dir='ltr'>ad</span> <span class='ocrx_word' id='word_1_318' title='bbox 2374 4610 2747 4712; x_wconf 86' lang='lat' dir='ltr'>Ramriggi</span> <span class='ocrx_word' id='word_1_319' title='bbox 2775 4611 3065 4687; x_wconf 86' lang='lat' dir='ltr'>colonos</span> <span class='ocrx_word' id='word_1_320' title='bbox 3090 4637 3181 4688; x_wconf 89' lang='lat' dir='ltr'>ne</span> <span class='ocrx_word' id='word_1_321' title='bbox 3210 4613 3281 4687; x_wconf 89' lang='lat' dir='ltr'>id</span> <span class='ocrx_word' id='word_1_322' title='bbox 3306 4613 3607 4703; x_wconf 80' lang='lat' dir='ltr'>ferrent3</span> 
     </span>
     <span class='ocr_line' id='line_1_35' title="bbox 698 4731 3611 4834; baseline -0.001 -22"><span class='ocrx_word' id='word_1_323' title='bbox 698 4737 790 4826; x_wconf 90' lang='lat' dir='ltr'>se,</span> <span class='ocrx_word' id='word_1_324' title='bbox 828 4733 882 4810; x_wconf 87' lang='lat' dir='ltr'><strong>fi</strong></span> <span class='ocrx_word' id='word_1_325' title='bbox 918 4759 1098 4834; x_wconf 85' lang='lat' dir='ltr'>opus</span> <span class='ocrx_word' id='word_1_326' title='bbox 1132 4734 1234 4824; x_wconf 90' lang='lat' dir='ltr'>fit,</span> <span class='ocrx_word' id='word_1_327' title='bbox 1267 4733 1529 4808; x_wconf 88' lang='lat' dir='ltr'>auxilio</span> <span class='ocrx_word' id='word_1_328' title='bbox 1559 4744 1972 4822; x_wconf 80' lang='lat' dir='ltr'>venturum3</span> <span class='ocrx_word' id='word_1_329' title='bbox 2028 4731 2226 4806; x_wconf 91' lang='lat' dir='ltr'>fimul</span> <span class='ocrx_word' id='word_1_330' title='bbox 2255 4744 2327 4806; x_wconf 88' lang='lat' dir='ltr'>et</span> <span class='ocrx_word' id='word_1_331' title='bbox 2350 4733 2583 4806; x_wconf 84' lang='lat' dir='ltr'>fratris</span> <span class='ocrx_word' id='word_1_332' title='bbox 2618 4732 2992 4808; x_wconf 85' lang='lat' dir='ltr'>clientibus</span> <span class='ocrx_word' id='word_1_333' title='bbox 3018 4732 3346 4808; x_wconf 88' lang='lat' dir='ltr'>omnibus</span> <span class='ocrx_word' id='word_1_334' title='bbox 3372 4733 3611 4819; x_wconf 91' lang='lat' dir='ltr'>edicit,</span> 
     </span>
     <span class='ocr_line' id='line_1_36' title="bbox 699 4851 3610 4956; baseline -0.001 -24"><span class='ocrx_word' id='word_1_335' title='bbox 699 4858 882 4932; x_wconf 86' lang='lat' dir='ltr'>utin</span> <span class='ocrx_word' id='word_1_336' title='bbox 920 4857 1131 4931; x_wconf 89' lang='lat' dir='ltr'>armis</span> <span class='ocrx_word' id='word_1_337' title='bbox 1184 4855 1411 4954; x_wconf 89' lang='lat' dir='ltr'>parati</span> <span class='ocrx_word' id='word_1_338' title='bbox 1463 4853 1613 4944; x_wconf 88' lang='lat' dir='ltr'>fiut,</span> <span class='ocrx_word' id='word_1_339' title='bbox 1654 4878 1798 4954; x_wconf 92' lang='lat' dir='ltr'>quo</span> <span class='ocrx_word' id='word_1_340' title='bbox 1847 4878 2025 4954; x_wconf 86' lang='lat' dir='ltr'>opus</span> <span class='ocrx_word' id='word_1_341' title='bbox 2060 4851 2141 4927; x_wconf 91' lang='lat' dir='ltr'>fit</span> <span class='ocrx_word' id='word_1_342' title='bbox 2193 4853 2382 4928; x_wconf 87' lang='lat' dir='ltr'>duci.</span> <span class='ocrx_word' id='word_1_343' title='bbox 2491 4852 2671 4954; x_wconf 87' lang='lat' dir='ltr'>Ipse,</span> <span class='ocrx_word' id='word_1_344' title='bbox 2728 4853 2964 4928; x_wconf 88' lang='lat' dir='ltr'>Edino</span> <span class='ocrx_word' id='word_1_345' title='bbox 3022 4853 3482 4956; x_wconf 88' lang='lat' dir='ltr'>Langtonum</span> <span class='ocrx_word' id='word_1_346' title='bbox 3519 4854 3610 4929; x_wconf 90' lang='lat' dir='ltr'>ad</span> 
     </span>
     <span class='ocr_line' id='line_1_37' title="bbox 701 4973 3609 5076; baseline -0.002 -22"><span class='ocrx_word' id='word_1_347' title='bbox 701 4979 1030 5064; x_wconf 90' lang='lat' dir='ltr'>sororem,</span> <span class='ocrx_word' id='word_1_348' title='bbox 1065 4988 1144 5053; x_wconf 91' lang='lat' dir='ltr'>ut</span> <span class='ocrx_word' id='word_1_349' title='bbox 1176 4976 1248 5051; x_wconf 92' lang='lat' dir='ltr'>in</span> <span class='ocrx_word' id='word_1_350' title='bbox 1286 4975 1684 5076; x_wconf 91' lang='lat' dir='ltr'>propinquo</span> <span class='ocrx_word' id='word_1_351' title='bbox 1738 4973 1930 5066; x_wconf 80' lang='lat' dir='ltr'>esset,</span> <span class='ocrx_word' id='word_1_352' title='bbox 1967 4975 2180 5066; x_wconf 89' lang='lat' dir='ltr'>venit,</span> <span class='ocrx_word' id='word_1_353' title='bbox 2217 4974 2596 5075; x_wconf 89' lang='lat' dir='ltr'>maritique</span> <span class='ocrx_word' id='word_1_354' title='bbox 2648 4974 2961 5067; x_wconf 78' lang='lat' dir='ltr'>clienteS,</span> <span class='ocrx_word' id='word_1_355' title='bbox 3004 4973 3096 5050; x_wconf 88' lang='lat' dir='ltr'>ad</span> <span class='ocrx_word' id='word_1_356' title='bbox 3144 4975 3216 5051; x_wconf 92' lang='lat' dir='ltr'>id</span> <span class='ocrx_word' id='word_1_357' title='bbox 3267 4975 3493 5075; x_wconf 89' lang='lat' dir='ltr'>ipsum</span> <span class='ocrx_word' id='word_1_358' title='bbox 3532 4986 3609 5050; x_wconf 92' lang='lat' dir='ltr'>ut</span> 
     </span>
    </p>
   </div>
  </div>
 </body>
</html>
