<?xml version="1.0" encoding="UTF-8"?>
<!DOCTYPE html PUBLIC "-//W3C//DTD XHTML 1.0 Transitional//EN"
    "http://www.w3.org/TR/xhtml1/DTD/xhtml1-transitional.dtd">
<html xmlns="http://www.w3.org/1999/xhtml" xml:lang="en" lang="en">
 <head>
  <title>
</title>
<meta http-equiv="Content-Type" content="text/html;charset=utf-8" />
  <meta name='ocr-system' content='tesseract 3.04.00' />
  <meta name='ocr-capabilities' content='ocr_page ocr_carea ocr_par ocr_line ocrx_word'/>
</head>
<body>
  <div class='ocr_page' id='page_1' title='image "./davidishumiidef00edingoog_0088.png"; bbox 0 0 4575 6042; ppageno 0'>
   <div class='ocr_carea' id='block_1_1' title="bbox 911 648 2936 772">
    <p class='ocr_par' dir='ltr' id='par_1_1' title="bbox 911 648 2936 772">
     <span class='ocr_line' id='line_1_1' title="bbox 911 648 2936 772; baseline -0.002 -42"><span class='ocrx_word' id='word_1_1' title='bbox 911 653 1009 732; x_wconf 86' lang='lat'>64</span> <span class='ocrx_word' id='word_1_2' title='bbox 1859 651 2003 728; x_wconf 85' lang='lat' dir='ltr'>DE</span> <span class='ocrx_word' id='word_1_3' title='bbox 2059 650 2517 772; x_wconf 74' lang='lat' dir='ltr'>FAM1L1A</span> <span class='ocrx_word' id='word_1_4' title='bbox 2573 648 2936 728; x_wconf 82' lang='lat' dir='ltr'><strong>HUMIA</strong></span> 
     </span>
    </p>
   </div>
   <div class='ocr_carea' id='block_1_2' title="bbox 907 861 3823 3504">
    <p class='ocr_par' dir='ltr' id='par_1_2' title="bbox 907 861 3823 3504">
     <span class='ocr_line' id='line_1_2' title="bbox 910 861 3817 968; baseline -0.001 -27"><span class='ocrx_word' id='word_1_5' title='bbox 910 890 1126 968; x_wconf 88' lang='lat' dir='ltr'>quam</span> <span class='ocrx_word' id='word_1_6' title='bbox 1164 891 1207 940; x_wconf 94' lang='lat' dir='ltr'>a</span> <span class='ocrx_word' id='word_1_7' title='bbox 1240 877 1464 942; x_wconf 88' lang='lat' dir='ltr'>matre</span> <span class='ocrx_word' id='word_1_8' title='bbox 1515 865 1840 940; x_wconf 67' lang='lat' dir='ltr'>relictam</span> <span class='ocrx_word' id='word_1_9' title='bbox 1891 865 2217 955; x_wconf 84' lang='lat' dir='ltr'>diximus,</span> <span class='ocrx_word' id='word_1_10' title='bbox 2257 866 2329 940; x_wconf 91' lang='lat' dir='ltr'>in</span> <span class='ocrx_word' id='word_1_11' title='bbox 2366 864 2607 940; x_wconf 88' lang='lat' dir='ltr'>dotem</span> <span class='ocrx_word' id='word_1_12' title='bbox 2661 875 2983 965; x_wconf 91' lang='lat' dir='ltr'>accepta,</span> <span class='ocrx_word' id='word_1_13' title='bbox 3027 862 3095 938; x_wconf 91' lang='lat' dir='ltr'>in</span> <span class='ocrx_word' id='word_1_14' title='bbox 3132 875 3549 939; x_wconf 83' lang='lat' dir='ltr'>caeterorum</span> <span class='ocrx_word' id='word_1_15' title='bbox 3595 861 3817 937; x_wconf 87' lang='lat' dir='ltr'>bono-</span> 
     </span>
     <span class='ocr_line' id='line_1_3' title="bbox 908 981 3823 1087; baseline -0.001 -26"><span class='ocrx_word' id='word_1_16' title='bbox 908 1011 1061 1061; x_wconf 93' lang='lat' dir='ltr'>rum</span> <span class='ocrx_word' id='word_1_17' title='bbox 1098 998 1374 1087; x_wconf 90' lang='lat' dir='ltr'>partem</span> <span class='ocrx_word' id='word_1_18' title='bbox 1409 1011 1552 1062; x_wconf 93' lang='lat' dir='ltr'>non</span> <span class='ocrx_word' id='word_1_19' title='bbox 1586 998 1899 1062; x_wconf 89' lang='lat' dir='ltr'>venerat.</span> <span class='ocrx_word' id='word_1_20' title='bbox 2007 987 2270 1072; x_wconf 85' lang='lat' dir='ltr'>David,</span> <span class='ocrx_word' id='word_1_21' title='bbox 2310 1013 2353 1061; x_wconf 91' lang='lat' dir='ltr'>a</span> <span class='ocrx_word' id='word_1_22' title='bbox 2385 997 2589 1087; x_wconf 87' lang='lat' dir='ltr'>patre</span> <span class='ocrx_word' id='word_1_23' title='bbox 2624 997 2961 1062; x_wconf 82' lang='lat' dir='ltr'>executor</span> <span class='ocrx_word' id='word_1_24' title='bbox 2996 981 3160 1061; x_wconf 82' lang='lat' dir='ltr'>cum</span> <span class='ocrx_word' id='word_1_25' title='bbox 3191 985 3514 1086; x_wconf 88' lang='lat' dir='ltr'>Georgio</span> <span class='ocrx_word' id='word_1_26' title='bbox 3548 995 3823 1060; x_wconf 81' lang='lat' dir='ltr'>nuncu·&#39;</span> 
     </span>
     <span class='ocr_line' id='line_1_4' title="bbox 913 1104 3818 1212; baseline -0.001 -30"><span class='ocrx_word' id='word_1_27' title='bbox 913 1121 1146 1208; x_wconf 80' lang='lat' dir='ltr'>patuS,</span> <span class='ocrx_word' id='word_1_28' title='bbox 1187 1120 1259 1182; x_wconf 93' lang='lat' dir='ltr'>et</span> <span class='ocrx_word' id='word_1_29' title='bbox 1293 1107 1527 1183; x_wconf 84' lang='lat' dir='ltr'>fratris</span> <span class='ocrx_word' id='word_1_30' title='bbox 1564 1132 1803 1212; x_wconf 83' lang='lat' dir='ltr'>amore</span> <span class='ocrx_word' id='word_1_31' title='bbox 1841 1107 2002 1208; x_wconf 94' lang='lat' dir='ltr'>(qui</span> <span class='ocrx_word' id='word_1_32' title='bbox 2058 1119 2209 1182; x_wconf 90' lang='lat' dir='ltr'>erat</span> <span class='ocrx_word' id='word_1_33' title='bbox 2267 1108 2477 1208; x_wconf 90' lang='lat' dir='ltr'>supra</span> <span class='ocrx_word' id='word_1_34' title='bbox 2530 1107 2662 1181; x_wconf 81' lang='lat' dir='ltr'>aevi</span> <span class='ocrx_word' id='word_1_35' title='bbox 2713 1105 2927 1206; x_wconf 87' lang='lat' dir='ltr'>hujus</span> <span class='ocrx_word' id='word_1_36' title='bbox 2967 1104 3334 1207; x_wconf 87' lang='lat' dir='ltr'>exempla)</span> <span class='ocrx_word' id='word_1_37' title='bbox 3372 1117 3447 1180; x_wconf 93' lang='lat' dir='ltr'>et</span> <span class='ocrx_word' id='word_1_38' title='bbox 3496 1105 3598 1181; x_wconf 88' lang='lat' dir='ltr'>rei</span> <span class='ocrx_word' id='word_1_39' title='bbox 3650 1129 3818 1180; x_wconf 88' lang='lat' dir='ltr'>con·</span> 
     </span>
     <span class='ocr_line' id='line_1_5' title="bbox 910 1224 3813 1328; baseline 0 -28"><span class='ocrx_word' id='word_1_40' title='bbox 910 1239 1208 1328; x_wconf 88' lang='lat' dir='ltr'>temptu,</span> <span class='ocrx_word' id='word_1_41' title='bbox 1248 1239 1321 1303; x_wconf 89' lang='lat' dir='ltr'>et</span> <span class='ocrx_word' id='word_1_42' title='bbox 1345 1228 1564 1304; x_wconf 86' lang='lat' dir='ltr'>literis</span> <span class='ocrx_word' id='word_1_43' title='bbox 1601 1228 2002 1318; x_wconf 82' lang='lat' dir='ltr'>immodice,</span> <span class='ocrx_word' id='word_1_44' title='bbox 2035 1240 2112 1302; x_wconf 93' lang='lat' dir='ltr'>ut</span> <span class='ocrx_word' id='word_1_45' title='bbox 2137 1227 2354 1327; x_wconf 90' lang='lat' dir='ltr'>vulgo</span> <span class='ocrx_word' id='word_1_46' title='bbox 2383 1225 2802 1313; x_wconf 85' lang='lat' dir='ltr'><strong>habebatur,</strong></span> <span class='ocrx_word' id='word_1_47' title='bbox 2831 1226 3136 1316; x_wconf 84' lang='lat' dir='ltr'>deditus,</span> <span class='ocrx_word' id='word_1_48' title='bbox 3167 1238 3241 1302; x_wconf 89' lang='lat' dir='ltr'>et</span> <span class='ocrx_word' id='word_1_49' title='bbox 3267 1224 3496 1302; x_wconf 80' lang='lat' dir='ltr'>aetatis</span> <span class='ocrx_word' id='word_1_50' title='bbox 3521 1225 3813 1316; x_wconf 90' lang='lat' dir='ltr'>incuria,</span> 
     </span>
     <span class='ocr_line' id='line_1_6' title="bbox 912 1346 3820 1449; baseline -0 -26"><span class='ocrx_word' id='word_1_51' title='bbox 912 1361 984 1423; x_wconf 89' lang='lat' dir='ltr'>et</span> <span class='ocrx_word' id='word_1_52' title='bbox 1021 1373 1252 1423; x_wconf 88' lang='lat' dir='ltr'>rerum</span> <span class='ocrx_word' id='word_1_53' title='bbox 1300 1349 1637 1438; x_wconf 90' lang='lat' dir='ltr'>omnium,</span> <span class='ocrx_word' id='word_1_54' title='bbox 1675 1346 1801 1423; x_wconf 83' lang='lat' dir='ltr'>nisi</span> <span class='ocrx_word' id='word_1_55' title='bbox 1851 1359 1929 1423; x_wconf 93' lang='lat' dir='ltr'>ut</span> <span class='ocrx_word' id='word_1_56' title='bbox 1976 1349 2075 1422; x_wconf 91' lang='lat' dir='ltr'>illi</span> <span class='ocrx_word' id='word_1_57' title='bbox 2112 1348 2451 1449; x_wconf 84' lang='lat' dir='ltr'>placeret,</span> <span class='ocrx_word' id='word_1_58' title='bbox 2488 1347 2727 1423; x_wconf 90' lang='lat' dir='ltr'>officio</span> <span class='ocrx_word' id='word_1_59' title='bbox 2761 1359 3056 1448; x_wconf 90' lang='lat' dir='ltr'>rogatus</span> <span class='ocrx_word' id='word_1_60' title='bbox 3090 1347 3408 1433; x_wconf 73' lang='lat' dir='ltr'>cesserat,</span> <span class='ocrx_word' id='word_1_61' title='bbox 3443 1346 3661 1422; x_wconf 84' lang='lat' dir='ltr'>etiam</span> <span class='ocrx_word' id='word_1_62' title='bbox 3695 1346 3820 1422; x_wconf 91' lang='lat' dir='ltr'>bo-</span> 
     </span>
     <span class='ocr_line' id='line_1_7' title="bbox 907 1466 3819 1570; baseline 0.001 -28"><span class='ocrx_word' id='word_1_63' title='bbox 907 1493 1160 1543; x_wconf 89' lang='lat' dir='ltr'>norum</span> <span class='ocrx_word' id='word_1_64' title='bbox 1198 1495 1286 1544; x_wconf 91' lang='lat' dir='ltr'>ea</span> <span class='ocrx_word' id='word_1_65' title='bbox 1334 1483 1557 1570; x_wconf 89' lang='lat' dir='ltr'>parte,</span> <span class='ocrx_word' id='word_1_66' title='bbox 1609 1495 1774 1570; x_wconf 86' lang='lat' dir='ltr'>quae</span> <span class='ocrx_word' id='word_1_67' title='bbox 1825 1483 2167 1570; x_wconf 87' lang='lat' dir='ltr'>tanquam</span> <span class='ocrx_word' id='word_1_68' title='bbox 2224 1467 2316 1543; x_wconf 92' lang='lat' dir='ltr'>ad</span> <span class='ocrx_word' id='word_1_69' title='bbox 2368 1468 2721 1542; x_wconf 73' lang='lat' dir='ltr'>haeredem</span> <span class='ocrx_word' id='word_1_70' title='bbox 2777 1467 3127 1553; x_wconf 87' lang='lat' dir='ltr'>redibant,</span> <span class='ocrx_word' id='word_1_71' title='bbox 3182 1466 3639 1554; x_wconf 89' lang='lat' dir='ltr'>abstinuerat,</span> <span class='ocrx_word' id='word_1_72' title='bbox 3685 1493 3819 1544; x_wconf 89' lang='lat' dir='ltr'>nec</span> 
     </span>
     <span class='ocr_line' id='line_1_8' title="bbox 908 1587 3814 1692; baseline 0 -28"><span class='ocrx_word' id='word_1_73' title='bbox 908 1590 1292 1690; x_wconf 89' lang='lat' dir='ltr'>quicquam</span> <span class='ocrx_word' id='word_1_74' title='bbox 1327 1590 1452 1665; x_wconf 87' lang='lat' dir='ltr'>fibi</span> <span class='ocrx_word' id='word_1_75' title='bbox 1487 1590 1890 1692; x_wconf 85' lang='lat' dir='ltr'>arrogabat,</span> <span class='ocrx_word' id='word_1_76' title='bbox 1931 1616 2065 1666; x_wconf 92' lang='lat' dir='ltr'>nec</span> <span class='ocrx_word' id='word_1_77' title='bbox 2099 1588 2224 1664; x_wconf 81' lang='lat' dir='ltr'>nisi</span> <span class='ocrx_word' id='word_1_78' title='bbox 2261 1589 2353 1664; x_wconf 91' lang='lat' dir='ltr'>ab</span> <span class='ocrx_word' id='word_1_79' title='bbox 2389 1589 2575 1663; x_wconf 90' lang='lat' dir='ltr'>illius</span> <span class='ocrx_word' id='word_1_80' title='bbox 2603 1589 2914 1675; x_wconf 90' lang='lat' dir='ltr'>arbitrio,</span> <span class='ocrx_word' id='word_1_81' title='bbox 2944 1590 3055 1664; x_wconf 89' lang='lat' dir='ltr'>cui</span> <span class='ocrx_word' id='word_1_82' title='bbox 3086 1588 3326 1663; x_wconf 90' lang='lat' dir='ltr'>omnia</span> <span class='ocrx_word' id='word_1_83' title='bbox 3360 1587 3814 1688; x_wconf 90' lang='lat' dir='ltr'>permittebat</span> 
     </span>
     <span class='ocr_line' id='line_1_9' title="bbox 910 1709 3818 1812; baseline 0 -28"><span class='ocrx_word' id='word_1_84' title='bbox 910 1723 982 1784; x_wconf 90' lang='lat' dir='ltr'>et</span> <span class='ocrx_word' id='word_1_85' title='bbox 1019 1712 1382 1802; x_wconf 87' lang='lat' dir='ltr'>credebat,</span> <span class='ocrx_word' id='word_1_86' title='bbox 1420 1712 1734 1812; x_wconf 91' lang='lat' dir='ltr'>pendere</span> <span class='ocrx_word' id='word_1_87' title='bbox 1769 1711 2012 1786; x_wconf 88' lang='lat' dir='ltr'>voluit.</span> <span class='ocrx_word' id='word_1_88' title='bbox 2123 1709 2383 1785; x_wconf 84' lang='lat' dir='ltr'>Caeteri</span> <span class='ocrx_word' id='word_1_89' title='bbox 2422 1709 2567 1797; x_wconf 85' lang='lat' dir='ltr'>duo</span> <span class='ocrx_word' id='word_1_90' title='bbox 2600 1709 2873 1784; x_wconf 87' lang='lat' dir='ltr'>minimi</span> <span class='ocrx_word' id='word_1_91' title='bbox 2920 1710 3176 1784; x_wconf 86' lang='lat' dir='ltr'>fratres</span> <span class='ocrx_word' id='word_1_92' title='bbox 3227 1735 3313 1784; x_wconf 92' lang='lat' dir='ltr'>ac</span> <span class='ocrx_word' id='word_1_93' title='bbox 3355 1711 3623 1785; x_wconf 85' lang='lat' dir='ltr'>sorores</span> <span class='ocrx_word' id='word_1_94' title='bbox 3656 1710 3818 1786; x_wconf 88' lang='lat' dir='ltr'>toti·</span> 
     </span>
     <span class='ocr_line' id='line_1_10' title="bbox 909 1830 3817 1934; baseline -0 -27"><span class='ocrx_word' id='word_1_95' title='bbox 909 1832 1076 1908; x_wconf 90' lang='lat' dir='ltr'>dem</span> <span class='ocrx_word' id='word_1_96' title='bbox 1131 1833 1286 1932; x_wconf 90' lang='lat' dir='ltr'>ejus</span> <span class='ocrx_word' id='word_1_97' title='bbox 1341 1833 1743 1934; x_wconf 87' lang='lat' dir='ltr'>exemplum</span> <span class='ocrx_word' id='word_1_98' title='bbox 1797 1832 2039 1908; x_wconf 90' lang='lat' dir='ltr'>secuti.</span> <span class='ocrx_word' id='word_1_99' title='bbox 2145 1830 2347 1932; x_wconf 91' lang='lat' dir='ltr'>Ergo</span> <span class='ocrx_word' id='word_1_100' title='bbox 2382 1831 2548 1906; x_wconf 90' lang='lat' dir='ltr'>satis</span> <span class='ocrx_word' id='word_1_101' title='bbox 2598 1831 2838 1931; x_wconf 89' lang='lat' dir='ltr'>ampla</span> <span class='ocrx_word' id='word_1_102' title='bbox 2874 1831 2945 1905; x_wconf 92' lang='lat' dir='ltr'>in</span> <span class='ocrx_word' id='word_1_103' title='bbox 2983 1857 3077 1920; x_wconf 91' lang='lat' dir='ltr'>re,</span> <span class='ocrx_word' id='word_1_104' title='bbox 3117 1856 3289 1905; x_wconf 88' lang='lat' dir='ltr'>cum·</span> <span class='ocrx_word' id='word_1_105' title='bbox 3319 1831 3589 1906; x_wconf 85' lang='lat' dir='ltr'>videret</span> <span class='ocrx_word' id='word_1_106' title='bbox 3623 1833 3695 1908; x_wconf 86' lang='lat' dir='ltr'>se</span> <span class='ocrx_word' id='word_1_107' title='bbox 3744 1830 3817 1906; x_wconf 92' lang='lat' dir='ltr'>id</span> 
     </span>
     <span class='ocr_line' id='line_1_11' title="bbox 907 1951 3818 2053; baseline 0.001 -27"><span class='ocrx_word' id='word_1_108' title='bbox 907 1951 1100 2027; x_wconf 90' lang='lat' dir='ltr'>haud</span> <span class='ocrx_word' id='word_1_109' title='bbox 1136 1952 1584 2028; x_wconf 89' lang='lat' dir='ltr'>incommode</span> <span class='ocrx_word' id='word_1_110' title='bbox 1639 1952 1966 2053; x_wconf 86' lang='lat' dir='ltr'>praestare</span> <span class='ocrx_word' id='word_1_111' title='bbox 2018 1951 2230 2052; x_wconf 84' lang='lat' dir='ltr'>pofl&#39;e,</span> <span class='ocrx_word' id='word_1_112' title='bbox 2270 1952 2501 2052; x_wconf 89' lang='lat' dir='ltr'>prima</span> <span class='ocrx_word' id='word_1_113' title='bbox 2537 1952 2603 2027; x_wconf 88' lang='lat' dir='ltr'>ei</span> <span class='ocrx_word' id='word_1_114' title='bbox 2660 1976 2831 2027; x_wconf 88' lang='lat' dir='ltr'>cura</span> <span class='ocrx_word' id='word_1_115' title='bbox 2863 1952 3000 2027; x_wconf 89' lang='lat' dir='ltr'>suit</span> <span class='ocrx_word' id='word_1_116' title='bbox 3034 1952 3396 2042; x_wconf 85' lang='lat' dir='ltr'>familiam,</span> <span class='ocrx_word' id='word_1_117' title='bbox 3454 1951 3644 2027; x_wconf 91' lang='lat' dir='ltr'>unde</span> <span class='ocrx_word' id='word_1_118' title='bbox 3693 1976 3818 2028; x_wconf 91' lang='lat' dir='ltr'>no-</span> 
     </span>
     <span class='ocr_line' id='line_1_12' title="bbox 910 2071 3819 2174; baseline 0.001 -28"><span class='ocrx_word' id='word_1_119' title='bbox 910 2099 1140 2149; x_wconf 83' lang='lat' dir='ltr'>vercae</span> <span class='ocrx_word' id='word_1_120' title='bbox 1175 2074 1494 2150; x_wconf 88' lang='lat' dir='ltr'>sordibus</span> <span class='ocrx_word' id='word_1_121' title='bbox 1531 2073 1972 2174; x_wconf 82' lang='lat' dir='ltr'>aliquantum</span> <span class='ocrx_word' id='word_1_122' title='bbox 2009 2071 2395 2158; x_wconf 88' lang='lat' dir='ltr'>deciderat,</span> <span class='ocrx_word' id='word_1_123' title='bbox 2438 2072 2509 2147; x_wconf 90' lang='lat' dir='ltr'>in</span> <span class='ocrx_word' id='word_1_124' title='bbox 2564 2072 2931 2173; x_wconf 86' lang='lat' dir='ltr'>pristinum</span> <span class='ocrx_word' id='word_1_125' title='bbox 2988 2071 3431 2174; x_wconf 90' lang='lat' dir='ltr'>splendorem</span> <span class='ocrx_word' id='word_1_126' title='bbox 3466 2083 3539 2147; x_wconf 93' lang='lat' dir='ltr'>et</span> <span class='ocrx_word' id='word_1_127' title='bbox 3574 2073 3819 2174; x_wconf 89' lang='lat' dir='ltr'>ampli·</span> 
     </span>
     <span class='ocr_line' id='line_1_13' title="bbox 912 2192 3820 2296; baseline 0.001 -30"><span class='ocrx_word' id='word_1_128' title='bbox 912 2193 1234 2268; x_wconf 90' lang='lat' dir='ltr'>tudinem</span> <span class='ocrx_word' id='word_1_129' title='bbox 1286 2193 1670 2283; x_wconf 88' lang='lat' dir='ltr'>restituere,</span> <span class='ocrx_word' id='word_1_130' title='bbox 1709 2206 1903 2268; x_wconf 89' lang='lat' dir='ltr'>ratus</span> <span class='ocrx_word' id='word_1_131' title='bbox 1938 2192 2011 2267; x_wconf 89' lang='lat' dir='ltr'>id</span> <span class='ocrx_word' id='word_1_132' title='bbox 2045 2192 2169 2268; x_wconf 89' lang='lat' dir='ltr'>fibi</span> <span class='ocrx_word' id='word_1_133' title='bbox 2215 2193 2525 2268; x_wconf 86' lang='lat' dir='ltr'>maxime</span> <span class='ocrx_word' id='word_1_134' title='bbox 2577 2193 3041 2269; x_wconf 89' lang='lat' dir='ltr'>honorificum</span> <span class='ocrx_word' id='word_1_135' title='bbox 3093 2206 3167 2269; x_wconf 92' lang='lat' dir='ltr'>et</span> <span class='ocrx_word' id='word_1_136' title='bbox 3202 2193 3295 2268; x_wconf 92' lang='lat' dir='ltr'>ad</span> <span class='ocrx_word' id='word_1_137' title='bbox 3328 2195 3618 2286; x_wconf 82' lang='lat' dir='ltr'>famam,</span> <span class='ocrx_word' id='word_1_138' title='bbox 3657 2220 3820 2296; x_wconf 83' lang='lat' dir='ltr'>quae</span> 
     </span>
     <span class='ocr_line' id='line_1_14' title="bbox 915 2313 3818 2415; baseline 0.001 -27"><span class='ocrx_word' id='word_1_139' title='bbox 915 2313 1042 2388; x_wconf 88' lang='lat' dir='ltr'>sub</span> <span class='ocrx_word' id='word_1_140' title='bbox 1079 2339 1312 2389; x_wconf 90' lang='lat' dir='ltr'>rerum</span> <span class='ocrx_word' id='word_1_141' title='bbox 1368 2315 1749 2415; x_wconf 88' lang='lat' dir='ltr'>primordia</span> <span class='ocrx_word' id='word_1_142' title='bbox 1798 2314 2088 2388; x_wconf 90' lang='lat' dir='ltr'>maximi</span> <span class='ocrx_word' id='word_1_143' title='bbox 2133 2315 2476 2389; x_wconf 89' lang='lat' dir='ltr'>momenti</span> <span class='ocrx_word' id='word_1_144' title='bbox 2511 2313 2636 2404; x_wconf 84' lang='lat' dir='ltr'>est,</span> <span class='ocrx_word' id='word_1_145' title='bbox 2675 2332 2749 2389; x_wconf 88' lang='lat' dir='ltr'>et</span> <span class='ocrx_word' id='word_1_146' title='bbox 2782 2313 3262 2405; x_wconf 86' lang='lat' dir='ltr'>necefl&#39;arium,</span> <span class='ocrx_word' id='word_1_147' title='bbox 3303 2326 3382 2389; x_wconf 94' lang='lat' dir='ltr'>ut</span> <span class='ocrx_word' id='word_1_148' title='bbox 3431 2325 3583 2390; x_wconf 85' lang='lat' dir='ltr'>turn</span> <span class='ocrx_word' id='word_1_149' title='bbox 3619 2328 3818 2391; x_wconf 88' lang='lat' dir='ltr'>erant</span> 
     </span>
     <span class='ocr_line' id='line_1_15' title="bbox 913 2433 3817 2535; baseline 0.001 -27"><span class='ocrx_word' id='word_1_150' title='bbox 913 2446 1263 2535; x_wconf 91' lang='lat' dir='ltr'>tempora,</span> <span class='ocrx_word' id='word_1_151' title='bbox 1304 2436 1397 2510; x_wconf 95' lang='lat' dir='ltr'>ad</span> <span class='ocrx_word' id='word_1_152' title='bbox 1458 2435 1950 2510; x_wconf 66' lang='lat' dir='ltr'>auetoritatern</span> <span class='ocrx_word' id='word_1_153' title='bbox 1989 2435 2062 2509; x_wconf 91' lang='lat' dir='ltr'>in</span> <span class='ocrx_word' id='word_1_154' title='bbox 2098 2435 2182 2509; x_wconf 89' lang='lat' dir='ltr'>iis</span> <span class='ocrx_word' id='word_1_155' title='bbox 2215 2433 2627 2534; x_wconf 85' lang='lat' dir='ltr'>regionibus</span> <span class='ocrx_word' id='word_1_156' title='bbox 2676 2434 3054 2510; x_wconf 79' lang='lat' dir='ltr'>limitaneis</span> <span class='ocrx_word' id='word_1_157' title='bbox 3101 2436 3571 2512; x_wconf 87' lang='lat' dir='ltr'>retinendam.</span> <span class='ocrx_word' id='word_1_158' title='bbox 3678 2435 3817 2512; x_wconf 90' lang='lat' dir='ltr'>Ita·</span> 
     </span>
     <span class='ocr_line' id='line_1_16' title="bbox 913 2556 3821 2657; baseline 0.001 -28"><span class='ocrx_word' id='word_1_159' title='bbox 913 2580 1056 2655; x_wconf 91' lang='lat' dir='ltr'>que</span> <span class='ocrx_word' id='word_1_160' title='bbox 1091 2556 1255 2630; x_wconf 89' lang='lat' dir='ltr'>satis</span> <span class='ocrx_word' id='word_1_161' title='bbox 1298 2581 1562 2657; x_wconf 89' lang='lat' dir='ltr'>magno</span> <span class='ocrx_word' id='word_1_162' title='bbox 1610 2557 1953 2630; x_wconf 89' lang='lat' dir='ltr'>comitatu</span> <span class='ocrx_word' id='word_1_163' title='bbox 2010 2557 2079 2631; x_wconf 92' lang='lat' dir='ltr'>se</span> <span class='ocrx_word' id='word_1_164' title='bbox 2131 2556 2380 2656; x_wconf 87' lang='lat' dir='ltr'>cingit,</span> <span class='ocrx_word' id='word_1_165' title='bbox 2436 2556 2780 2631; x_wconf 87' lang='lat' dir='ltr'>familiam</span> <span class='ocrx_word' id='word_1_166' title='bbox 2840 2581 3180 2657; x_wconf 91' lang='lat' dir='ltr'>magnam</span> <span class='ocrx_word' id='word_1_167' title='bbox 3235 2556 3362 2631; x_wconf 92' lang='lat' dir='ltr'>alit</span> <span class='ocrx_word' id='word_1_168' title='bbox 3417 2556 3821 2634; x_wconf 63' lang='lat' dir='ltr'>ofitodecim</span> 
     </span>
     <span class='ocr_line' id='line_1_17' title="bbox 913 2675 3820 2778; baseline 0.001 -27"><span class='ocrx_word' id='word_1_169' title='bbox 913 2675 1190 2751; x_wconf 88' lang='lat' dir='ltr'>circiter</span> <span class='ocrx_word' id='word_1_170' title='bbox 1223 2677 1565 2777; x_wconf 89' lang='lat' dir='ltr'>equitum,</span> <span class='ocrx_word' id='word_1_171' title='bbox 1605 2676 1863 2777; x_wconf 90' lang='lat' dir='ltr'>quibus</span> <span class='ocrx_word' id='word_1_172' title='bbox 1899 2676 2187 2778; x_wconf 80' lang='lat' dir='ltr'>singulis</span> <span class='ocrx_word' id='word_1_173' title='bbox 2224 2677 2429 2754; x_wconf 91' lang='lat' dir='ltr'>binos</span> <span class='ocrx_word' id='word_1_174' title='bbox 2466 2703 2715 2778; x_wconf 89' lang='lat' dir='ltr'>equos,</span> <span class='ocrx_word' id='word_1_175' title='bbox 2753 2687 2826 2751; x_wconf 92' lang='lat' dir='ltr'>et</span> <span class='ocrx_word' id='word_1_176' title='bbox 2850 2676 3337 2778; x_wconf 76' lang='lat' dir='ltr'>pedissequum</span> <span class='ocrx_word' id='word_1_177' title='bbox 3374 2702 3594 2753; x_wconf 87' lang='lat' dir='ltr'>unum</span> <span class='ocrx_word' id='word_1_178' title='bbox 3630 2678 3820 2754; x_wconf 91' lang='lat' dir='ltr'>alere</span> 
     </span>
     <span class='ocr_line' id='line_1_18' title="bbox 919 2795 3820 2898; baseline 0.001 -27"><span class='ocrx_word' id='word_1_179' title='bbox 919 2797 1345 2872; x_wconf 75' lang='lat' dir='ltr'>concessum.</span> <span class='ocrx_word' id='word_1_180' title='bbox 1448 2795 1612 2872; x_wconf 93' lang='lat' dir='ltr'>Nec</span> <span class='ocrx_word' id='word_1_181' title='bbox 1645 2797 1861 2898; x_wconf 91' lang='lat' dir='ltr'>longe</span> <span class='ocrx_word' id='word_1_182' title='bbox 1898 2797 2063 2872; x_wconf 90' lang='lat' dir='ltr'>villa</span> <span class='ocrx_word' id='word_1_183' title='bbox 2106 2797 2669 2898; x_wconf 87' lang='lat' dir='ltr'>Kimmergamia</span> <span class='ocrx_word' id='word_1_184' title='bbox 2708 2798 3001 2889; x_wconf 81' lang='lat' dir='ltr'>aberat3</span> <span class='ocrx_word' id='word_1_185' title='bbox 3042 2797 3195 2898; x_wconf 89' lang='lat' dir='ltr'>ejus</span> <span class='ocrx_word' id='word_1_186' title='bbox 3230 2797 3486 2889; x_wconf 88' lang='lat' dir='ltr'>coloni,</span> <span class='ocrx_word' id='word_1_187' title='bbox 3524 2823 3820 2875; x_wconf 91' lang='lat' dir='ltr'>numero</span> 
     </span>
     <span class='ocr_line' id='line_1_19' title="bbox 915 2916 3821 3022; baseline 0.001 -30"><span class='ocrx_word' id='word_1_188' title='bbox 915 2917 1192 3022; x_wconf 84' lang='lat' dir='ltr'>circiter</span> <span class='ocrx_word' id='word_1_189' title='bbox 1226 2916 1646 3008; x_wconf 90' lang='lat' dir='ltr'>duodecem,</span> <span class='ocrx_word' id='word_1_190' title='bbox 1691 2945 1735 2992; x_wconf 85' lang='lat' dir='ltr'>a</span> <span class='ocrx_word' id='word_1_191' title='bbox 1767 2918 2176 3019; x_wconf 90' lang='lat' dir='ltr'>majoribus,</span> <span class='ocrx_word' id='word_1_192' title='bbox 2218 2919 2427 3018; x_wconf 87' lang='lat' dir='ltr'>hujus</span> <span class='ocrx_word' id='word_1_193' title='bbox 2462 2919 2808 2994; x_wconf 86' lang='lat' dir='ltr'>servitutis</span> <span class='ocrx_word' id='word_1_194' title='bbox 2842 2920 3087 3020; x_wconf 88' lang='lat' dir='ltr'>generi</span> <span class='ocrx_word' id='word_1_195' title='bbox 3124 2916 3396 3006; x_wconf 82' lang='lat' dir='ltr'>affueti,</span> <span class='ocrx_word' id='word_1_196' title='bbox 3431 2945 3575 2994; x_wconf 92' lang='lat' dir='ltr'>non</span> <span class='ocrx_word' id='word_1_197' title='bbox 3612 2945 3821 3022; x_wconf 76' lang='lat' dir='ltr'>agros</span> 
     </span>
     <span class='ocr_line' id='line_1_20' title="bbox 911 3039 3823 3141; baseline 0.002 -28"><span class='ocrx_word' id='word_1_198' title='bbox 911 3039 1147 3140; x_wconf 89' lang='lat' dir='ltr'>magis</span> <span class='ocrx_word' id='word_1_199' title='bbox 1180 3065 1392 3140; x_wconf 88' lang='lat' dir='ltr'>quarn</span> <span class='ocrx_word' id='word_1_200' title='bbox 1432 3065 1656 3141; x_wconf 89' lang='lat' dir='ltr'>equos</span> <span class='ocrx_word' id='word_1_201' title='bbox 1692 3040 2053 3129; x_wconf 88' lang='lat' dir='ltr'>colebant,</span> <span class='ocrx_word' id='word_1_202' title='bbox 2098 3050 2171 3115; x_wconf 89' lang='lat' dir='ltr'>et</span> <span class='ocrx_word' id='word_1_203' title='bbox 2208 3040 2421 3115; x_wconf 89' lang='lat' dir='ltr'>armis</span> <span class='ocrx_word' id='word_1_204' title='bbox 2457 3039 2961 3132; x_wconf 77' lang='lat' dir='ltr'>assuescebant,</span> <span class='ocrx_word' id='word_1_205' title='bbox 3001 3039 3093 3115; x_wconf 94' lang='lat' dir='ltr'>ad</span> <span class='ocrx_word' id='word_1_206' title='bbox 3123 3065 3342 3140; x_wconf 89' lang='lat' dir='ltr'>opera</span> <span class='ocrx_word' id='word_1_207' title='bbox 3376 3041 3632 3116; x_wconf 86' lang='lat' dir='ltr'>rustica</span> <span class='ocrx_word' id='word_1_208' title='bbox 3666 3065 3823 3118; x_wconf 90' lang='lat' dir='ltr'>raro</span> 
     </span>
     <span class='ocr_line' id='line_1_21' title="bbox 914 3159 3823 3261; baseline 0.001 -25"><span class='ocrx_word' id='word_1_209' title='bbox 914 3161 1195 3261; x_wconf 88' lang='lat' dir='ltr'>seipsos,</span> <span class='ocrx_word' id='word_1_210' title='bbox 1236 3186 1600 3261; x_wconf 89' lang='lat' dir='ltr'>nunquam</span> <span class='ocrx_word' id='word_1_211' title='bbox 1637 3186 1862 3261; x_wconf 91' lang='lat' dir='ltr'>equos</span> <span class='ocrx_word' id='word_1_212' title='bbox 1921 3159 2414 3252; x_wconf 88' lang='lat' dir='ltr'>demittebant,</span> <span class='ocrx_word' id='word_1_213' title='bbox 2454 3160 2782 3261; x_wconf 85' lang='lat' dir='ltr'>adeoque</span> <span class='ocrx_word' id='word_1_214' title='bbox 2818 3161 3100 3248; x_wconf 89' lang='lat' dir='ltr'>nitidos,</span> <span class='ocrx_word' id='word_1_215' title='bbox 3156 3172 3230 3235; x_wconf 92' lang='lat' dir='ltr'>et</span> <span class='ocrx_word' id='word_1_216' title='bbox 3274 3162 3555 3238; x_wconf 86' lang='lat' dir='ltr'>veloces</span> <span class='ocrx_word' id='word_1_217' title='bbox 3604 3161 3823 3238; x_wconf 89' lang='lat' dir='ltr'>habe-</span> 
     </span>
     <span class='ocr_line' id='line_1_22' title="bbox 915 3279 3817 3383; baseline 0.001 -27"><span class='ocrx_word' id='word_1_218' title='bbox 915 3282 1115 3368; x_wconf 92' lang='lat' dir='ltr'>bant,</span> <span class='ocrx_word' id='word_1_219' title='bbox 1153 3294 1230 3356; x_wconf 92' lang='lat' dir='ltr'>ut</span> <span class='ocrx_word' id='word_1_220' title='bbox 1290 3307 1451 3357; x_wconf 89' lang='lat' dir='ltr'>cum</span> <span class='ocrx_word' id='word_1_221' title='bbox 1490 3283 1808 3372; x_wconf 91' lang='lat' dir='ltr'>domino,</span> <span class='ocrx_word' id='word_1_222' title='bbox 1850 3281 2173 3382; x_wconf 90' lang='lat' dir='ltr'>illiusque</span> <span class='ocrx_word' id='word_1_223' title='bbox 2209 3281 2631 3370; x_wconf 53' lang='lat' dir='ltr'>domesticis</span> <span class='ocrx_word' id='word_1_224' title='bbox 2672 3291 3077 3373; x_wconf 77' lang='lat' dir='ltr'>certarent3</span> <span class='ocrx_word' id='word_1_225' title='bbox 3133 3281 3258 3383; x_wconf 81' lang='lat' dir='ltr'>ipsi</span> <span class='ocrx_word' id='word_1_226' title='bbox 3303 3282 3395 3358; x_wconf 93' lang='lat' dir='ltr'>ad</span> <span class='ocrx_word' id='word_1_227' title='bbox 3428 3279 3659 3357; x_wconf 86' lang='lat' dir='ltr'>subita</span> <span class='ocrx_word' id='word_1_228' title='bbox 3692 3283 3817 3358; x_wconf 90' lang='lat' dir='ltr'>im-</span> 
     </span>
     <span class='ocr_line' id='line_1_23' title="bbox 921 3401 3823 3504; baseline 0 -26"><span class='ocrx_word' id='word_1_229' title='bbox 921 3405 1120 3500; x_wconf 88' lang='lat' dir='ltr'>peria</span> <span class='ocrx_word' id='word_1_230' title='bbox 1186 3403 1458 3503; x_wconf 90' lang='lat' dir='ltr'>semper</span> <span class='ocrx_word' id='word_1_231' title='bbox 1519 3403 1768 3502; x_wconf 91' lang='lat' dir='ltr'>parati,</span> <span class='ocrx_word' id='word_1_232' title='bbox 1826 3428 1971 3502; x_wconf 91' lang='lat' dir='ltr'>quo</span> <span class='ocrx_word' id='word_1_233' title='bbox 2033 3401 2319 3488; x_wconf 91' lang='lat' dir='ltr'>ducere,</span> <span class='ocrx_word' id='word_1_234' title='bbox 2366 3415 2489 3476; x_wconf 91' lang='lat' dir='ltr'>aut</span> <span class='ocrx_word' id='word_1_235' title='bbox 2542 3403 2820 3479; x_wconf 91' lang='lat' dir='ltr'>mittere</span> <span class='ocrx_word' id='word_1_236' title='bbox 2876 3404 3215 3504; x_wconf 89' lang='lat' dir='ltr'>placeret.</span> <span class='ocrx_word' id='word_1_237' title='bbox 3322 3404 3429 3479; x_wconf 90' lang='lat' dir='ltr'>Ita</span> <span class='ocrx_word' id='word_1_238' title='bbox 3466 3403 3705 3495; x_wconf 90' lang='lat' dir='ltr'>fiebat,</span> <span class='ocrx_word' id='word_1_239' title='bbox 3742 3415 3823 3480; x_wconf 90' lang='lat' dir='ltr'>ut</span> 
     </span>
    </p>
   </div>
   <div class='ocr_carea' id='block_1_3' title="bbox 916 3522 3957 3624">
    <p class='ocr_par' dir='ltr' id='par_1_3' title="bbox 916 3522 3957 3624">
     <span class='ocr_line' id='line_1_24' title="bbox 916 3522 3957 3624; baseline -0.001 -27"><span class='ocrx_word' id='word_1_240' title='bbox 916 3523 1167 3624; x_wconf 87' lang='lat' dir='ltr'>viginti</span> <span class='ocrx_word' id='word_1_241' title='bbox 1204 3534 1329 3597; x_wconf 90' lang='lat' dir='ltr'>aut</span> <span class='ocrx_word' id='word_1_242' title='bbox 1362 3522 1654 3622; x_wconf 87' lang='lat' dir='ltr'>triginta</span> <span class='ocrx_word' id='word_1_243' title='bbox 1688 3522 2066 3622; x_wconf 84' lang='lat' dir='ltr'>equitibus,</span> <span class='ocrx_word' id='word_1_244' title='bbox 2107 3523 2267 3598; x_wconf 90' lang='lat' dir='ltr'>viris</span> <span class='ocrx_word' id='word_1_245' title='bbox 2304 3522 2583 3598; x_wconf 88' lang='lat' dir='ltr'>acribus</span> <span class='ocrx_word' id='word_1_246' title='bbox 2611 3535 2683 3598; x_wconf 89' lang='lat' dir='ltr'>et</span> <span class='ocrx_word' id='word_1_247' title='bbox 2716 3523 3081 3616; x_wconf 79' lang='lat' dir='ltr'>bellicofiS,</span> <span class='ocrx_word' id='word_1_248' title='bbox 3124 3525 3489 3602; x_wconf 59' lang='lat' dir='ltr'>accinetus</span> <span class='ocrx_word' id='word_1_249' title='bbox 3540 3536 3622 3599; x_wconf 91' lang='lat' dir='ltr'>ut</span> <span class='ocrx_word' id='word_1_250' title='bbox 3669 3524 3821 3624; x_wconf 88' lang='lat' dir='ltr'>plu·</span> <span class='ocrx_word' id='word_1_251' title='bbox 3950 3585 3957 3594; x_wconf 89' lang='lat'>.</span> 
     </span>
    </p>
   </div>
   <div class='ocr_carea' id='block_1_4' title="bbox 915 3643 3891 4958">
    <p class='ocr_par' dir='ltr' id='par_1_4' title="bbox 915 3643 3820 4107">
     <span class='ocr_line' id='line_1_25' title="bbox 915 3643 3819 3747; baseline 0.001 -29"><span class='ocrx_word' id='word_1_252' title='bbox 915 3645 1168 3718; x_wconf 89' lang='lat' dir='ltr'>rimum</span> <span class='ocrx_word' id='word_1_253' title='bbox 1205 3643 1644 3741; x_wconf 89' lang='lat' dir='ltr'>procederet.</span> <span class='ocrx_word' id='word_1_254' title='bbox 1748 3643 1913 3718; x_wconf 94' lang='lat' dir='ltr'>Nec</span> <span class='ocrx_word' id='word_1_255' title='bbox 1947 3643 2201 3718; x_wconf 89' lang='lat' dir='ltr'>fefellit</span> <span class='ocrx_word' id='word_1_256' title='bbox 2235 3668 2400 3717; x_wconf 91' lang='lat' dir='ltr'>eum</span> <span class='ocrx_word' id='word_1_257' title='bbox 2437 3643 2700 3744; x_wconf 78' lang='lat' dir='ltr'>opinio,</span> <span class='ocrx_word' id='word_1_258' title='bbox 2810 3645 3127 3720; x_wconf 89' lang='lat' dir='ltr'>Tantam</span> <span class='ocrx_word' id='word_1_259' title='bbox 3154 3644 3292 3722; x_wconf 89' lang='lat' dir='ltr'>hoc</span> <span class='ocrx_word' id='word_1_260' title='bbox 3326 3645 3391 3722; x_wconf 89' lang='lat' dir='ltr'>ei</span> <span class='ocrx_word' id='word_1_261' title='bbox 3420 3646 3614 3747; x_wconf 91' lang='lat' dir='ltr'>apud</span> <span class='ocrx_word' id='word_1_262' title='bbox 3648 3645 3819 3721; x_wconf 84' lang='lat' dir='ltr'>ami·</span> 
     </span>
     <span class='ocr_line' id='line_1_26' title="bbox 917 3763 3820 3864; baseline 0 -25"><span class='ocrx_word' id='word_1_263' title='bbox 917 3791 1061 3853; x_wconf 78' lang='lat' dir='ltr'>coe,</span> <span class='ocrx_word' id='word_1_264' title='bbox 1105 3763 1441 3863; x_wconf 89' lang='lat' dir='ltr'>aliosque,</span> <span class='ocrx_word' id='word_1_265' title='bbox 1477 3764 1744 3838; x_wconf 87' lang='lat' dir='ltr'>famam</span> <span class='ocrx_word' id='word_1_266' title='bbox 1782 3774 1854 3838; x_wconf 92' lang='lat' dir='ltr'>et</span> <span class='ocrx_word' id='word_1_267' title='bbox 1890 3764 2393 3839; x_wconf 65' lang='lat' dir='ltr'>auetoritatem</span> <span class='ocrx_word' id='word_1_268' title='bbox 2444 3764 2739 3864; x_wconf 91' lang='lat' dir='ltr'>peperit,</span> <span class='ocrx_word' id='word_1_269' title='bbox 2780 3775 3057 3840; x_wconf 89' lang='lat' dir='ltr'>tantum</span> <span class='ocrx_word' id='word_1_270' title='bbox 3112 3767 3384 3842; x_wconf 85' lang='lat' dir='ltr'>aemulis</span> <span class='ocrx_word' id='word_1_271' title='bbox 3416 3779 3685 3842; x_wconf 88' lang='lat' dir='ltr'>metum</span> <span class='ocrx_word' id='word_1_272' title='bbox 3716 3765 3820 3840; x_wconf 88' lang='lat' dir='ltr'>in-</span> 
     </span>
     <span class='ocr_line' id='line_1_27' title="bbox 915 3884 3819 3988; baseline 0 -26"><span class='ocrx_word' id='word_1_273' title='bbox 915 3884 1134 3974; x_wconf 85' lang='lat' dir='ltr'>cuffit,</span> <span class='ocrx_word' id='word_1_274' title='bbox 1175 3898 1252 3959; x_wconf 88' lang='lat' dir='ltr'>ut</span> <span class='ocrx_word' id='word_1_275' title='bbox 1289 3884 1447 3984; x_wconf 82' lang='lat' dir='ltr'>ipfis</span> <span class='ocrx_word' id='word_1_276' title='bbox 1485 3884 1698 3958; x_wconf 88' lang='lat' dir='ltr'>initiis</span> <span class='ocrx_word' id='word_1_277' title='bbox 1733 3884 1964 3959; x_wconf 88' lang='lat' dir='ltr'>statim</span> <span class='ocrx_word' id='word_1_278' title='bbox 2005 3885 2361 3974; x_wconf 88' lang='lat' dir='ltr'>cederent,</span> <span class='ocrx_word' id='word_1_279' title='bbox 2393 3910 2527 3960; x_wconf 92' lang='lat' dir='ltr'>nec</span> <span class='ocrx_word' id='word_1_280' title='bbox 2562 3887 2631 3960; x_wconf 92' lang='lat' dir='ltr'>se</span> <span class='ocrx_word' id='word_1_281' title='bbox 2670 3886 2827 3960; x_wconf 87' lang='lat' dir='ltr'>ullis</span> <span class='ocrx_word' id='word_1_282' title='bbox 2861 3887 3016 3987; x_wconf 88' lang='lat' dir='ltr'>ejus</span> <span class='ocrx_word' id='word_1_283' title='bbox 3052 3886 3424 3962; x_wconf 91' lang='lat' dir='ltr'>conatibus</span> <span class='ocrx_word' id='word_1_284' title='bbox 3458 3912 3819 3988; x_wconf 89' lang='lat' dir='ltr'>opponere</span> 
     </span>
     <span class='ocr_line' id='line_1_28' title="bbox 916 4005 3380 4107; baseline 0.001 -25"><span class='ocrx_word' id='word_1_285' title='bbox 916 4008 1285 4083; x_wconf 82' lang='lat' dir='ltr'>auderent.</span> <span class='ocrx_word' id='word_1_286' title='bbox 1393 4005 1747 4107; x_wconf 88' lang='lat' dir='ltr'>Apparuit</span> <span class='ocrx_word' id='word_1_287' title='bbox 1781 4006 1853 4081; x_wconf 93' lang='lat' dir='ltr'>id</span> <span class='ocrx_word' id='word_1_288' title='bbox 1888 4007 2135 4106; x_wconf 89' lang='lat' dir='ltr'>prim0,</span> <span class='ocrx_word' id='word_1_289' title='bbox 2176 4032 2339 4081; x_wconf 90' lang='lat' dir='ltr'>cum</span> <span class='ocrx_word' id='word_1_290' title='bbox 2381 4006 2933 4099; x_wconf 83' lang='lat' dir='ltr'>Coldinknollio,</span> <span class='ocrx_word' id='word_1_291' title='bbox 2974 4009 3380 4085; x_wconf 86' lang='lat' dir='ltr'>certamine.</span> 
     </span>
    </p>

    <p class='ocr_par' dir='ltr' id='par_1_5' title="bbox 915 4126 3891 4958">
     <span class='ocr_line' id='line_1_29' title="bbox 1018 4126 3817 4228; baseline 0.001 -25"><span class='ocrx_word' id='word_1_292' title='bbox 1018 4127 1281 4203; x_wconf 88' lang='lat' dir='ltr'>Eratis</span> <span class='ocrx_word' id='word_1_293' title='bbox 1309 4126 1548 4201; x_wconf 86' lang='lat' dir='ltr'>limitis</span> <span class='ocrx_word' id='word_1_294' title='bbox 1575 4127 1934 4202; x_wconf 88' lang='lat' dir='ltr'>orientalis</span> <span class='ocrx_word' id='word_1_295' title='bbox 1960 4127 2367 4227; x_wconf 68' lang='lat' dir='ltr'>praefefflmS,</span> <span class='ocrx_word' id='word_1_296' title='bbox 2392 4153 2535 4228; x_wconf 92' lang='lat' dir='ltr'>qua</span> <span class='ocrx_word' id='word_1_297' title='bbox 2563 4127 2865 4203; x_wconf 84' lang='lat' dir='ltr'>diximus</span> <span class='ocrx_word' id='word_1_298' title='bbox 2887 4128 3254 4204; x_wconf 82' lang='lat' dir='ltr'>occasione</span> <span class='ocrx_word' id='word_1_299' title='bbox 3281 4142 3355 4204; x_wconf 89' lang='lat' dir='ltr'>et</span> <span class='ocrx_word' id='word_1_300' title='bbox 3382 4142 3532 4205; x_wconf 91' lang='lat' dir='ltr'>arte</span> <span class='ocrx_word' id='word_1_301' title='bbox 3556 4130 3817 4217; x_wconf 68' lang='lat' dir='ltr'>saEtuS,</span> 
     </span>
     <span class='ocr_line' id='line_1_30' title="bbox 920 4247 3891 4352; baseline 0.001 -28"><span class='ocrx_word' id='word_1_302' title='bbox 920 4248 1230 4334; x_wconf 91' lang='lat' dir='ltr'>Davide,</span> <span class='ocrx_word' id='word_1_303' title='bbox 1271 4247 1571 4348; x_wconf 89' lang='lat' dir='ltr'>Georgii</span> <span class='ocrx_word' id='word_1_304' title='bbox 1607 4259 1833 4348; x_wconf 90' lang='lat' dir='ltr'>patre,</span> <span class='ocrx_word' id='word_1_305' title='bbox 1870 4247 2198 4322; x_wconf 91' lang='lat' dir='ltr'>frustrato</span> <span class='ocrx_word' id='word_1_306' title='bbox 2235 4262 2307 4323; x_wconf 92' lang='lat' dir='ltr'>et</span> <span class='ocrx_word' id='word_1_307' title='bbox 2344 4248 2560 4323; x_wconf 83' lang='lat' dir='ltr'>eluse.</span> <span class='ocrx_word' id='word_1_308' title='bbox 2652 4249 2908 4350; x_wconf 89' lang='lat' dir='ltr'>Magni</span> <span class='ocrx_word' id='word_1_309' title='bbox 2944 4251 3015 4325; x_wconf 90' lang='lat' dir='ltr'>in</span> <span class='ocrx_word' id='word_1_310' title='bbox 3052 4250 3612 4329; x_wconf 89' lang='lat' dir='ltr'>occidentalibus</span> <span class='ocrx_word' id='word_1_311' title='bbox 3644 4277 3819 4352; x_wconf 84' lang='lat' dir='ltr'>prae·</span> <span class='ocrx_word' id='word_1_312' title='bbox 3880 4265 3891 4274; x_wconf 90' lang='lat'>&#39;</span> 
     </span>
     <span class='ocr_line' id='line_1_31' title="bbox 915 4369 3820 4470; baseline 0.001 -23"><span class='ocrx_word' id='word_1_313' title='bbox 915 4372 1123 4470; x_wconf 90' lang='lat' dir='ltr'>cipue</span> <span class='ocrx_word' id='word_1_314' title='bbox 1163 4371 1457 4445; x_wconf 82' lang='lat' dir='ltr'>Merciae</span> <span class='ocrx_word' id='word_1_315' title='bbox 1512 4369 1860 4444; x_wconf 66' lang='lat' dir='ltr'>traEtibus</span> <span class='ocrx_word' id='word_1_316' title='bbox 1916 4370 2243 4458; x_wconf 88' lang='lat' dir='ltr'>nominis,</span> <span class='ocrx_word' id='word_1_317' title='bbox 2304 4369 2708 4444; x_wconf 88' lang='lat' dir='ltr'>Johannem</span> <span class='ocrx_word' id='word_1_318' title='bbox 2768 4369 3235 4447; x_wconf 90' lang='lat' dir='ltr'>Cranstonum</span> <span class='ocrx_word' id='word_1_319' title='bbox 3294 4369 3820 4449; x_wconf 90' lang='lat' dir='ltr'>Thirlestonum</span> 
     </span>
     <span class='ocr_line' id='line_1_32' title="bbox 917 4489 3821 4593; baseline 0 -26"><span class='ocrx_word' id='word_1_320' title='bbox 917 4518 1005 4568; x_wconf 88' lang='lat' dir='ltr'>ex</span> <span class='ocrx_word' id='word_1_321' title='bbox 1067 4517 1242 4592; x_wconf 90' lang='lat' dir='ltr'>agro</span> <span class='ocrx_word' id='word_1_322' title='bbox 1315 4490 1753 4575; x_wconf 90' lang='lat' dir='ltr'>Rumiltono,</span> <span class='ocrx_word' id='word_1_323' title='bbox 1820 4490 1918 4563; x_wconf 59' lang='lat' dir='ltr'>ina</span> <span class='ocrx_word' id='word_1_324' title='bbox 1957 4489 2405 4564; x_wconf 85' lang='lat' dir='ltr'>Brunfifeildi</span> <span class='ocrx_word' id='word_1_325' title='bbox 2467 4491 2829 4590; x_wconf 89' lang='lat' dir='ltr'>cujusdam</span> <span class='ocrx_word' id='word_1_326' title='bbox 2885 4491 3212 4593; x_wconf 77' lang='lat' dir='ltr'>gratiam,</span> <span class='ocrx_word' id='word_1_327' title='bbox 3275 4493 3688 4581; x_wconf 86' lang='lat' dir='ltr'>excluserat,</span> <span class='ocrx_word' id='word_1_328' title='bbox 3748 4507 3821 4570; x_wconf 92' lang='lat' dir='ltr'>et</span> 
     </span>
     <span class='ocr_line' id='line_1_33' title="bbox 915 4610 3819 4713; baseline 0.001 -26"><span class='ocrx_word' id='word_1_329' title='bbox 915 4613 1238 4713; x_wconf 83' lang='lat' dir='ltr'>quamvis</span> <span class='ocrx_word' id='word_1_330' title='bbox 1279 4610 1675 4687; x_wconf 89' lang='lat' dir='ltr'>Cranstono</span> <span class='ocrx_word' id='word_1_331' title='bbox 1709 4624 1984 4686; x_wconf 88' lang='lat' dir='ltr'>certum</span> <span class='ocrx_word' id='word_1_332' title='bbox 2011 4611 2130 4709; x_wconf 86' lang='lat' dir='ltr'>jus</span> <span class='ocrx_word' id='word_1_333' title='bbox 2167 4611 2307 4686; x_wconf 81' lang='lat' dir='ltr'>effe</span> <span class='ocrx_word' id='word_1_334' title='bbox 2341 4612 2567 4697; x_wconf 88' lang='lat' dir='ltr'>sciret,</span> <span class='ocrx_word' id='word_1_335' title='bbox 2596 4613 2742 4686; x_wconf 90' lang='lat' dir='ltr'>lata</span> <span class='ocrx_word' id='word_1_336' title='bbox 2778 4639 2821 4687; x_wconf 92' lang='lat' dir='ltr'>a</span> <span class='ocrx_word' id='word_1_337' title='bbox 2848 4613 3416 4712; x_wconf 88' lang='lat' dir='ltr'>quindecimviris</span> <span class='ocrx_word' id='word_1_338' title='bbox 3450 4616 3819 4702; x_wconf 87' lang='lat' dir='ltr'>sententia,</span> 
     </span>
     <span class='ocr_line' id='line_1_34' title="bbox 918 4713 3820 4838; baseline 0.001 -28"><span class='ocrx_word' id='word_1_339' title='bbox 918 4747 992 4810; x_wconf 92' lang='lat' dir='ltr'>et</span> <span class='ocrx_word' id='word_1_340' title='bbox 1043 4734 1256 4834; x_wconf 89' lang='lat' dir='ltr'>regiis</span> <span class='ocrx_word' id='word_1_341' title='bbox 1279 4802 1282 4806; x_wconf 87' lang='lat'>.</span> <span class='ocrx_word' id='word_1_342' title='bbox 1307 4732 1524 4808; x_wconf 88' lang='lat' dir='ltr'>literis</span> <span class='ocrx_word' id='word_1_343' title='bbox 1575 4731 1801 4831; x_wconf 83' lang='lat' dir='ltr'>juffus</span> <span class='ocrx_word' id='word_1_344' title='bbox 1866 4731 2395 4823; x_wconf 77' lang='lat' dir='ltr'>BrunfifeilduS,</span> <span class='ocrx_word' id='word_1_345' title='bbox 2456 4759 2669 4834; x_wconf 91' lang='lat' dir='ltr'>poena</span> <span class='ocrx_word' id='word_1_346' title='bbox 2726 4733 3228 4834; x_wconf 90' lang='lat' dir='ltr'>perduellionis</span> <span class='ocrx_word' id='word_1_347' title='bbox 3263 4713 3579 4828; x_wconf 46' lang='lat' dir='ltr'>⁸indielza,</span> <span class='ocrx_word' id='word_1_348' title='bbox 3645 4761 3820 4838; x_wconf 90' lang='lat' dir='ltr'>agro</span> 
     </span>
     <span class='ocr_line' id='line_1_35' title="bbox 917 4852 3816 4958; baseline 0 -24"><span class='ocrx_word' id='word_1_349' title='bbox 917 4855 1171 4934; x_wconf 88' lang='lat' dir='ltr'>cedere</span> <span class='ocrx_word' id='word_1_350' title='bbox 1205 4852 1482 4929; x_wconf 82' lang='lat' dir='ltr'>necesse</span> <span class='ocrx_word' id='word_1_351' title='bbox 1509 4853 1825 4943; x_wconf 88' lang='lat' dir='ltr'>haberet,</span> <span class='ocrx_word' id='word_1_352' title='bbox 1857 4864 2096 4928; x_wconf 90' lang='lat' dir='ltr'>tamen</span> <span class='ocrx_word' id='word_1_353' title='bbox 2125 4853 2192 4929; x_wconf 90' lang='lat' dir='ltr'>vi</span> <span class='ocrx_word' id='word_1_354' title='bbox 2229 4879 2393 4929; x_wconf 91' lang='lat' dir='ltr'>eum</span> <span class='ocrx_word' id='word_1_355' title='bbox 2422 4855 2681 4942; x_wconf 89' lang='lat' dir='ltr'>colere,</span> <span class='ocrx_word' id='word_1_356' title='bbox 2709 4855 2930 4930; x_wconf 87' lang='lat' dir='ltr'>fretus</span> <span class='ocrx_word' id='word_1_357' title='bbox 2963 4855 3446 4933; x_wconf 89' lang='lat' dir='ltr'>Coldinknolii</span> <span class='ocrx_word' id='word_1_358' title='bbox 3474 4859 3816 4958; x_wconf 88' lang='lat' dir='ltr'>potentia,</span> 
     </span>
    </p>
   </div>
  </div>
 </body>
</html>
