4575 6042
927 723 1024 800 60
1845 716 1990 794 DE
2045 713 2505 794 FAMILIA
2560 713 2921 792 HUMIA

934 931 1258 1032 profecit,
1321 931 1592 1007 summo
1643 928 1852 1032 ipfius
1911 928 2223 1029 ingenio,
2280 939 2358 1002 ut
2406 927 2628 1003 latine
2688 927 3015 1027 apprime¹
3065 927 3292 1004 scierit
3322 956 3344 1020 3
3400 939 3553 1006 tum
3612 933 3837 1008 soluta

935 1053 1275 1144 oratione,
1313 1064 1465 1127 tum
1499 1049 1762 1152 pedum
1793 1049 2076 1151 legibus
2118 1047 2475 1138 adstricta,
2505 1073 2772 1148 magna
2804 1049 3195 1148 legentium
3231 1049 3445 1126 laude
3473 1053 3832 1154 scripserit,

937 1199 1072 1249 nec
1098 1173 1468 1274 quisquam
1494 1171 1952 1248 celeberrima
1972 1170 2045 1245 in
2080 1170 2200 1245 illa
2234 1169 2497 1245 Scotiae
2520 1180 2668 1244 tum
2694 1169 2932 1245 schola
2951 1195 3236 1271 aequare
3263 1197 3425 1246 eum
3452 1185 3836 1273 putaretur.

943 1293 1324 1370 Elementa
1359 1318 1446 1368 ac
1479 1291 1879 1367 rudimenta
1916 1291 2108 1366 domi
2161 1288 2355 1390 apud
2405 1302 2735 1390 parentes
2770 1290 3133 1382 didicerat,
3177 1292 3493 1391 (Jacobo
3528 1295 3839 1395 quodam

947 1414 1226 1489 Cnoxio
1254 1411 1693 1512 instituente)
1725 1423 1796 1487 et
1823 1411 2179 1511 scripturae
2201 1409 2636 1502 affueverat3
2668 1422 2741 1486 et
2766 1411 3109 1511 pietatem
3134 1437 3295 1487 cum
3319 1414 3668 1501 doctrina,
3691 1430 3841 1491 tum

942 1535 1267 1635 exemplo
1303 1532 1704 1609 imbiberat.
1814 1531 2056 1606 Unum
2091 1531 2413 1632 pueritiae
2449 1529 2688 1606 nobile
2724 1531 2997 1607 fastum
3033 1532 3224 1607 haud
3278 1536 3841 1634 praetereundum

940 1667 1138 1756 puto,
1245 1654 1487 1730 Mater
1524 1652 1700 1753 ejus,
1751 1665 2048 1752 accepto
2100 1651 2192 1726 de
2245 1650 2465 1750 patris
2520 1650 3012 1753 Elpbingstoni
3064 1667 3291 1729 morte
3342 1657 3623 1746 nuncin,
3682 1682 3845 1734 cum

944 1775 1228 1876 gravius
1288 1772 1707 1861 indoluisset,
1765 1797 1900 1848 nec
1950 1771 2505 1848 consolationem
2562 1772 2988 1863 admitteret,
3046 1799 3183 1849 nec
3227 1776 3438 1851 finem
3490 1762 3846 1853 lachrimis

945 1897 1241 1983 faceret,
1277 1895 1396 1970 ille
1425 1895 1639 1996 (puer
1667 1893 1901 1969 adhuc
1943 1874 2290 1968 undecem
2320 1893 2594 1968 circiter
2623 1894 3005 1993 annorum)
3036 1896 3157 1996 qui
3185 1896 3391 1995 juxta
3419 1923 3581 1972 eam
3606 1899 3846 2000 legere

948 2019 1186 2093 suetus
1218 2018 1478 2102 fuerat,
1514 2014 1829 2114 acceptis
1863 2014 2073 2089 sacris
2123 2013 2364 2104 literis,
2404 2013 2600 2114 quafi
2653 2015 3146 2115 quotidianum
3198 2042 3455 2093 munus
3505 2013 3847 2102 obiturus,

952 2137 1048 2213 ad
1082 2150 1297 2237 caput
1333 2135 1527 2236 quod
1561 2134 1664 2210 est
1693 2133 2028 2235 Epistolae
2050 2134 2143 2208 ad
2173 2133 2665 2209 Theffalonic:
2693 2146 3047 2235 quartum,
3076 2135 3168 2211 de
3186 2137 3624 2215 moderando
3649 2139 3851 2215 lustu

949 2256 1045 2333 ob
1091 2269 1431 2342 mortum,
1467 2256 1754 2338 evolvit,
1790 2281 1875 2330 ac
1909 2255 2100 2330 clara
2134 2280 2333 2346 voce,
2367 2265 2445 2329 ut
2470 2255 2787 2329 exaudiri
2823 2256 3069 2356 posset,
3096 2257 3337 2358 legere
3363 2261 3690 2360 occepit;
3728 2261 3849 2335 ubi

963 2377 1282 2464 absolvit,
1315 2376 1572 2453 librum
1609 2377 2010 2476 complicat,
2045 2387 2118 2450 et
2169 2376 2240 2450 se
2289 2377 2483 2450 foras
2531 2376 2850 2477 proripit,
2886 2376 3057 2451 nihil
3115 2377 3297 2453 ultra
3347 2379 3648 2456 locutus.
3756 2381 3851 2457 Et

945 2500 1095 2585 illa,
1130 2497 1326 2600 quafi
1362 2523 1450 2572 ea
1483 2523 1660 2572 voce
1695 2496 2083 2586 admonita,
2119 2495 2393 2572 siccatis
2428 2496 2674 2588 oculis,
2714 2497 3085 2573 subsecuta
3118 2498 3188 2574 in
3226 2500 3464 2574 aulam
3513 2503 3725 2593 venit,
3766 2529 3852 2576 ac

957 2619 1230 2695 caeteris
1262 2619 1332 2693 se
1369 2618 1785 2704 immiscens,
1822 2616 2060 2691 cibum
2111 2615 2416 2717 sumpsit,
2456 2642 2593 2692 nec
2628 2617 2885 2692 exinde
2920 2617 3317 2694 lachrimari
3353 2621 3498 2695 visa
3533 2621 3682 2713 est3
3722 2647 3843 2697 no-

950 2739 1073 2815 bili
1109 2751 1486 2839 utrumque
1521 2737 1847 2838 exemplo
1884 2749 1956 2812 et
1991 2736 2357 2838 prudentis
2386 2725 2503 2838 (nit
2530 2737 2599 2811 in
2630 2763 2717 2813 ea
2742 2736 2993 2836 aetate)
3024 2738 3545 2834 admonitioniS,
3584 2755 3657 2818 et
3691 2743 3848 2844 piae,

951 2863 1024 2938 in
1062 2873 1207 2936 tam
1243 2858 1628 2935 domestico
1663 2860 1888 2950 lufilm,
1927 2857 2458 2934 moderationis,
2562 2855 2831 2933 Fuerat
2866 2870 3105 2934 autem
3141 2860 3285 2960 ipse
3322 2862 3512 2962 apud
3547 2849 3852 2940 eundem

952 3007 1164 3058 avum
1199 2980 1565 3070 educatus,
1605 2979 1696 3055 ad
1724 2979 2097 3080 septimum
2125 2980 2347 3080 usque
2374 2979 2605 3055 aetatis
2634 3004 2921 3066 annum,
2950 3005 3093 3055 una
3116 3007 3277 3056 cum
3309 2982 3628 3083 Georgio
3662 2984 3852 3061 Caro

947 3102 1387 3188 consobrino,
1448 3101 1721 3202 aliquot
1773 3099 2125 3175 mensibus
2179 3100 2469 3201 majore,
2509 3101 2629 3175 sed
2682 3126 2898 3201 quem
2934 3101 3223 3201 ingenio
3260 3103 3549 3205 alioqui,
3586 3117 3658 3181 et
3705 3132 3855 3181 cor-

952 3223 1145 3324 poris
1181 3222 1456 3308 robore,
1493 3233 1564 3297 et
1602 3220 1925 3322 agilitate
1975 3220 2192 3321 longe
2228 3221 2553 3306 anteiret,
2590 3221 2660 3296 in
2695 3220 2971 3296 musicis
3007 3221 3100 3297 ab
3152 3222 3273 3298 illo
3327 3224 3693 3324 superatus
3727 3227 3851 3302 est.

957 3343 1073 3418 Ex
1123 3342 1419 3442 ephebis
1452 3342 1567 3416 vix
1620 3342 1787 3416 dum
1843 3341 2174 3440 egressuS,
2232 3341 2325 3415 ad
2380 3366 2753 3441 protegem
2808 3341 3274 3430 Mortonium,
3333 3345 3408 3419 id
3466 3359 3853 3445 petentem,

946 3464 1185 3540 miffus
1221 3462 1345 3538 est.
1452 3461 1630 3537 Erat
1665 3462 1763 3537 ibi
1805 3460 2281 3536 Archibaldus
2320 3461 2657 3562 Angufiae
2692 3487 2953 3554 comeS,
2997 3465 3111 3540 cui
3148 3465 3591 3568 paedagogus
3636 3468 3853 3544 Joan·

950 3610 1079 3659 nes
1118 3584 1489 3658 Provanus
1525 3582 1734 3656 datus
1768 3581 2024 3682 logicae
2063 3580 2464 3656 rudimenta
2493 3581 2577 3682 (J
2582 3583 2831 3659 oannis
2854 3582 3277 3661 ‘Retrofordi
3314 3588 3853 3690 compendium)

950 3701 1388 3806 praelegebat
1419 3729 1442 3793 3
1479 3701 1644 3776 huic
1679 3701 1798 3776 ille
1832 3700 2080 3777 avidus
2115 3702 2260 3777 sese
2296 3701 2588 3794 dedidit,
2629 3729 2717 3778 ac
2750 3729 2839 3780 ea
2894 3704 3139 3781 didicit
3174 3732 3335 3806 quae
3390 3708 3583 3784 illinc
3618 3708 3855 3785 doceri

951 3827 1221 3914 solent;
1275 3823 1514 3898 literas
1550 3822 1814 3923 alioqui
1851 3848 1991 3898 non
2030 3823 2287 3924 attigit.
2392 3824 2703 3914 Verum,
2728 3826 2849 3900 suo
2885 3839 3135 3916 marte,
3174 3829 3490 3929 linguam
3518 3830 3853 3931 gallicam

956 3945 1341 4050 aggrefl'uS,
1380 3944 1564 4020 adeo
1617 3944 1938 4044 profecit,
1979 3955 2060 4020 ut
2093 3966 2167 4020 et
2221 3946 2719 4046 pronunciaret
2773 3947 3243 4035 mediocriter,
3301 3961 3374 4024 et
3431 3950 3857 4051 intelligeret

955 4070 1202 4172 probe,
1241 4080 1314 4143 et
1339 4067 1747 4166 loqueretur
1784 4065 1974 4141 haud
2009 4067 2244 4158 male;
2283 4067 2447 4143 hinc
2482 4067 2801 4143 historias
2836 4069 3180 4159 lectitare,
3211 4095 3345 4146 nec
3372 4070 3442 4144 id
3476 4071 3857 4172 voluptatis

958 4204 1260 4280 tantum,
1303 4214 1389 4264 ac
1424 4186 1696 4263 terendi
1731 4187 2068 4287 temporis
2095 4188 2349 4288 gratia,
2388 4201 2459 4263 et
2485 4190 2701 4290 vulgo
2737 4190 2837 4275 fit,
2873 4189 2992 4265 sed
3029 4203 3105 4266 ut
3140 4190 3558 4282 observaret,
3591 4203 3857 4292 et'pru·

957 4313 1232 4388 dentior
1280 4309 1665 4400 evaderet3
1727 4307 1970 4384 addita
2029 4321 2101 4384 et
2137 4310 2603 4410 geographia,
2626 4323 2713 4402 ‘et
2764 4311 3085 4387 locorum
3139 4339 3225 4388 ea
3262 4313 3537 4399 notitia,
3573 4325 3651 4388 ut
3686 4313 3853 4414 ipse,

965 4455 1334 4532 nunquam
1396 4430 1624 4530 patria
1677 4429 2008 4531 egrefl'uS,
2066 4455 2229 4504 cum
2290 4431 2563 4531 quovis,
2617 4433 2736 4532 qui
2794 4458 3091 4534 peregre
3159 4433 3230 4506 in
3298 4433 3539 4508 Gallia
3598 4434 3857 4510 alibive

961 4552 1233 4655 egisset,
1271 4564 1592 4642 certaret,
1634 4577 1722 4627 ac
1775 4550 2146 4652 plerosque
2205 4550 2583 4652 superaret.
2692 4553 3064 4654 Trianguli
3122 4555 3321 4630 usum
3362 4556 3435 4630 in
3486 4555 3859 4631 metiendis

964 4671 1470 4762 altitudinibus,
1534 4671 1729 4747 nullo
1789 4671 2117 4758 docente,
2154 4672 2421 4764 didicit,
2458 4698 2593 4749 nec
2644 4675 2835 4774 apud
2884 4700 3293 4777 quenquam
3342 4676 3610 4752 lectum
3662 4676 3860 4778 quafi

825 4825 838 4847 ·
961 4791 1345 4872 adinvenit.
1451 4792 1533 4867 In
1569 4793 1923 4894 scripturis
1961 4792 2170 4868 sacris
2205 4793 2477 4868 summa
2528 4793 2898 4894 diligentia
2932 4797 3267 4882 versatuS,
3302 4822 3437 4872 nec
3488 4797 3861 4872 infeliciter

963 4919 1036 4994 in
1072 4912 1513 4994 excutiendis
1547 4912 2030 4994 controversiis
2063 4912 2393 5008 sedulus;
2441 4912 2857 5018 plerumque
2891 4916 3094 5017 super
3129 4917 3369 4994 mensa
3404 4917 3685 5004 alibive,
3738 4930 3861 4993 aut
