4575 6042
905 853 1000 930 68
1824 847 1966 924 DE
2023 844 2481 923 FAMILIA
2537 841 2901 922 HUMIA

908 1076 1246 1176 principe,
1291 1079 1522 1149 vetere
1559 1082 1878 1173 patrono,
1918 1081 1991 1145 et
2026 1080 2227 1171 patre
2263 1065 2517 1170 capitis
2551 1055 3114 1159 diminutionem,
3154 1079 3441 1169 propter
3475 1068 3819 1144 defectio-

908 1223 1075 1273 nem
1112 1196 1204 1271 ad
1243 1194 1543 1294 Reginae
1578 1204 1834 1294 parteS,
1874 1189 2094 1292 paflb,
2129 1216 2264 1265 nec
2299 1189 2469 1264 dum
2505 1189 2927 1290 postliminio
2964 1189 3310 1264 restitut0.

1012 1317 1178 1392 Nec
1210 1317 1553 1394 minorem
1589 1315 1655 1389 ei
1692 1312 1992 1414 gloriam
2029 1312 2305 1412 peperit
2326 1335 2485 1386 rara
2512 1312 2584 1386 in
2614 1310 2977 1386 elocandis
3005 1309 3354 1387 sororibus
3376 1335 3567 1402 cura,
3603 1336 3819 1412 quam

909 1442 1151 1515 secuta
1196 1449 1268 1513 et
1318 1437 1620 1512 felicitas
1671 1435 1793 1524 est,
1845 1433 2270 1509 conciliante
2323 1432 2459 1508 illis
2514 1457 2827 1507 amor-em
2876 1431 3126 1534 insigni
3176 1434 3419 1507 matris
3454 1435 3818 1519 memoria,

913 1572 986 1636 et
1019 1561 1322 1660 ipsarum
1359 1558 1509 1658 pari
1545 1555 1805 1646 indole,
1846 1566 1918 1629 et
1951 1556 2180 1629 forma
2216 1553 2533 1630 honesta.
2641 1552 2740 1626 Et
2796 1552 3138 1628 Iffobellae
3190 1553 3472 1628 locandi
3534 1555 3821 1655 quidem

912 1683 1056 1756 fors
1096 1681 1280 1780 juvit
1332 1702 1598 1754 curam.
1703 1676 2068 1751 Johannes
2125 1674 2503 1750 Haldanus
2558 1674 3034 1775 Gleneglifius
3083 1674 3243 1774 (seu
3282 1675 3823 1778 Vall-aguilius)

913 1825 1076 1876 cum
1128 1799 1220 1874 ad
1275 1797 1736 1888 Mortonium,
1789 1809 1942 1871 tum
1975 1821 2374 1897 proregem,
2415 1806 2492 1870 ut
2542 1795 2632 1870 de
2666 1796 3116 1871 matrimonio
3151 1795 3582 1896 transigeret,
3624 1798 3827 1900 cujus

902 1923 1022 2022 jus
1074 1921 1166 1996 ad
1219 1945 1404 2010 eum,
1461 1931 1630 1994 tunc
1680 1918 1882 2019 regni
1931 1929 2003 1993 et
2038 1918 2226 2016 regis
2262 1914 2647 2006 custodem,
2689 1917 3111 2016 pertinebat,
3150 1917 3461 2006 venifl'et,
3503 1917 3619 1993 ille
3656 1943 3821 1993 con-

909 2043 1145 2118 festim
1195 2045 1266 2118 se
1317 2066 1528 2116 omne
1569 2041 1690 2140 jus
1744 2042 1940 2115 suum
1997 2038 2342 2113 Ifl'obellae
2394 2035 2669 2127 cedere,
2726 2035 2877 2126 iret,
2918 2049 2991 2111 et
3026 2038 3248 2138 ipsam
3284 2050 3357 2114 et
3392 2038 3465 2113 id
3501 2035 3824 2114 sumeret.

909 2163 1138 2240 Erant
1189 2190 1353 2238 cum
1408 2161 1746 2239 Haldano
1799 2160 1941 2234 duo
1994 2160 2250 2259 patrui,
2307 2156 2708 2232 Richardus
2778 2169 2851 2231 et
2905 2156 3285 2245 Robertus,
3338 2159 3511 2233 item
3582 2159 3822 2235 David

918 2284 1302 2360 Ereikinus
1341 2282 1681 2383 Driburgi
1717 2279 2267 2370 coenobiarcha3
2319 2277 2415 2364 hi,
2461 2277 2635 2352 nihil
2670 2279 3014 2365 cunctati,
3057 2278 3679 2355 Wedderburnum
3712 2307 3831 2357 ve-

913 2408 1143 2493 niunt,
1177 2407 1398 2505 ipsam
1434 2415 1600 2478 ante
1635 2405 1830 2477 fama
1865 2399 2228 2500 cognitam
2265 2399 2527 2484 vident,
2566 2399 3069 2498 alloquuntur;
3121 2400 3357 2500 placet
3390 2429 3410 2492 3
3467 2427 3631 2476 cum
3682 2403 3819 2477 fra-

923 2541 1031 2602 tre
1067 2537 1320 2628 agunt,
1358 2523 1774 2624 tranfigunt,
1811 2533 1884 2596 et
1919 2521 2071 2597 dies
2107 2545 2234 2622 pro
2267 2521 2503 2596 fratris
2539 2519 2826 2594 arbitrio
2853 2520 3117 2620 nuptiis
3146 2520 3403 2607 dictus,
3434 2523 3547 2596 cui
3574 2522 3831 2598 statum

924 2661 1077 2724 erat
1103 2673 1328 2748 -quam
1362 2644 1745 2720 honorifice
1781 2669 1943 2718 eam
1980 2643 2377 2728 dimittere3
2430 2640 2625 2741 quod
2662 2652 2734 2715 et
2768 2641 3065 2731 fa6tum‚
3106 2666 3234 2741 pro
3273 2643 3628 2742 utriusque
3680 2643 3832 2745 dig-

923 2771 1172 2855 nitate,
1224 2768 1390 2842 satis
1437 2765 1804 2866 splendido
1857 2776 2226 2865 apparatu,
2287 2762 2435 2862 qui,
2486 2761 2669 2836 inter
2722 2772 3004 2847 caetera,
3040 2762 3432 2862 prudentiae
3466 2764 3733 2839 famam
3768 2765 3833 2838 ei

928 2891 1156 2976 auxit;
1207 2887 1544 2978 habebat,
1586 2887 1770 2961 enim
1809 2884 2005 2970 illud,
2043 2897 2120 2958 ut
2156 2879 2428 2958 summa
2462 2881 2836 2983 prudentia
2871 2883 3214 2969 convivia,
3267 2884 3549 2983 quoties
3598 2885 3829 2975 vellet,

928 3011 1323 3085 instrueret.
1431 3007 1649 3094 Quod
1699 3006 1751 3081 fi
1801 3031 2046 3081 verum
2096 3003 2270 3079 illud
2308 3003 2409 3078 est
2448 2996 2565 3105 (ut
2600 3003 3211 3103 fertur)'ejusdem
3246 3005 3638 3104 prudentiae
3674 3003 3833 3091 effe,

931 3132 1160 3206 aciem
1215 3142 1463 3204 contra
1497 3127 1772 3202 hostem
1807 3127 2169 3212 instruere,
2207 3137 2284 3198 ut
2319 3123 2401 3198 fit
2436 3148 2654 3224 quam
2688 3124 2998 3199 maxime
3035 3125 3524 3211 formidabiliS,
3562 3139 3634 3200 et
3670 3152 3833 3200 con·

928 3253 1190 3327 vivium
1242 3250 1512 3335 amiciS,
1565 3263 1643 3323 ut
1695 3273 1914 3348 quam
1959 3245 2267 3321 maxime
2321 3241 2786 3334 delectabilis,
2838 3269 3049 3320 nemo
3085 3247 3150 3321 ei
3187 3245 3437 3321 melius
3474 3248 3701 3322 aciem
3736 3246 3837 3321 in-

929 3370 1294 3474 struxisset.
1399 3370 1936 3444 Matrimonium
1986 3379 2247 3456 autem,
2306 3369 2629 3466 quamvis
2675 3367 3045 3440 fortuitum
3096 3366 3315 3443 videri
3351 3382 3650 3468 poterat,
3703 3394 3837 3444 nec

933 3492 1145 3594 ipfius
1198 3518 1367 3566 cura
1413 3491 1712 3579 fafitum,
1770 3489 1886 3563 sed
1930 3489 2248 3587 protegis
2283 3486 2809 3572 benevolentia,
2843 3498 3083 3562 tamen
3121 3499 3192 3562 et
3226 3488 3412 3564 hanc
3446 3489 3518 3564 in
3552 3490 3838 3565 laudem

931 3613 1323 3702 vertebant,
1380 3623 1723 3709 tanquam
1773 3609 2028 3682 virtute
2075 3605 2286 3707 ipfius
2336 3607 2705 3693 meritam3
2759 3619 2831 3682 et
2867 3609 3142 3683 animus
3177 3634 3350 3710 erga
3384 3611 3710 3701 sororem,
3766 3623 3840 3686 et

932 3732 1464 3834 magnificentia
1498 3731 1570 3803 in
1607 3729 1949 3818 convivi0‚
1990 3740 2063 3803 et
2097 3727 2483 3803 liberalitas
2518 3727 2589 3802 in
2626 3727 2820 3802 cultu
2854 3741 3120 3828 nuptae‚
3158 3731 3278 3830 qui
3314 3741 3506 3805 totus
3554 3731 3645 3806 ab
3692 3731 3839 3831 ipso

936 3866 1114 3940 erat,
1149 3852 1364 3954 vulgo
1399 3847 1804 3925 hominibus
1837 3849 2147 3923 maximo
2183 3849 2432 3948 plausu
2492 3848 3045 3948 accipiebantur.
3152 3849 3619 3951 Margaritam
3668 3865 3840 3926 natu

936 3975 1329 4077 proximam
1369 3971 1700 4046 Rentono
1733 3969 1941 4046 Billio
1968 3970 2465 4055 destinaverat,
2495 3981 2567 4042 et
2594 3995 2779 4060 eum,
2812 3981 2891 4044 ut
2918 3973 3359 4060 consentiret,
3392 3973 3837 4072 perduxerat.

937 4097 1209 4173 Verum
1245 4096 1416 4196 ipsa,
1443 4104 1644 4193 patre
1674 4091 1907 4166 adhuc
1930 4090 2317 4191 superstite,
2352 4089 2616 4164 Davidi
2648 4089 2918 4166 Humio
2954 4091 3506 4194 Coldinghamio
3533 4095 3606 4167 in
3634 4093 3836 4185 colle,

938 4242 1154 4318 quem
1193 4212 1424 4290 Laum
1459 4224 1742 4299 vocant,
1778 4214 1970 4312 spem
2005 4213 2411 4311 nuptiarum
2448 4211 2740 4297 fecerat,
2775 4211 2997 4286 verita
3022 4237 3113 4287 ne
3150 4237 3469 4289 novercae
3496 4215 3848 4291 tenacitas

935 4340 1210 4438 majora
1237 4334 1631 4436 impediret,
1662 4359 1799 4408 nec
1834 4360 1877 4408 a
1912 4331 2265 4432 propofito
2296 4330 2552 4407 deduci
2581 4344 2883 4430 poterat.
2974 4331 3118 4408 Hic
3155 4334 3397 4435 itaque
3419 4335 3745 4411 voluntas
3770 4349 3849 4412 et'

940 4484 1110 4534 cura
1160 4468 1232 4532 et
1281 4457 1657 4557 prudentia
1706 4453 1898 4529 laudi
1945 4453 2420 4542 vertebantur,
2476 4465 2733 4527 caetera
2766 4479 2910 4528 non
2946 4465 3145 4528 erant
3179 4453 3413 4554 ipsius·
3522 4455 3844 4532 Tertiam

939 4579 1352 4656 Juliannam
1386 4576 1697 4654 Johanni
1739 4575 1931 4651 Caro
1971 4573 2347 4649 Litledeno
2384 4586 2683 4675 nuptum
2718 4573 2935 4665 dedit,
2975 4588 3047 4650 et
3082 4575 3323 4654 dotem
3370 4576 3647 4652 addidit
3684 4605 3841 4678 por·

941 4700 1152 4775 tionis
1189 4725 1231 4773 a
1266 4709 1467 4798 patre
1501 4699 1770 4774 relifitae
1806 4695 2117 4796 duplam,
2159 4695 2278 4770 ubi
2316 4707 2388 4770 et
2411 4693 2797 4771 liberalitas
2834 4697 3008 4795 ejus,
3051 4708 3123 4771 et
3158 4699 3568 4788 amstoritas,
3608 4699 3841 4806 impri-

944 4823 1100 4912 mis,
1158 4820 1419 4895 eluxit:
1472 4819 1566 4895 ob
1616 4818 1828 4920 ipfius
1879 4818 2066 4892 enim
2116 4817 2522 4903 amicitiam,
2576 4841 2681 4892 eae
2733 4817 3126 4893 conciliatae
3176 4819 3335 4893 sunt
3368 4820 3657 4920 nuptiae,
3694 4821 3845 4895 sua-

947 4945 1161 5020 dente
1189 4940 1260 5016 id
1285 4940 1568 5040 juvenis
1603 4952 1804 5041 patre
1844 4938 2214 5026 Gualtero,
2239 4938 2355 5016 cui
2392 4965 2589 5014 acres
2622 4964 2787 5014 cum
2811 4937 3341 5030 Manderstono,
3370 4951 3441 5014 et
3466 4939 3843 5027 Huttonio,

949 5078 1021 5143 et
1062 5062 1584 5158 Coldincnolio,
1613 5060 1920 5150 HumiiS,
1955 5059 2475 5137 decertationes
2510 5071 2734 5153 erant,
2768 5086 2812 5135 a
2845 5071 3047 5162 patre
3078 5059 3371 5140 Andrea
3404 5060 3849 5137 haeriditariae
