4575 6042
1055 827 1144 899 16
1967 819 2109 898 DE
2145 813 2622 898 'FAMILIA
2680 822 3037 901 HUMIA

1055 1021 1640 1123 obequitaverat;
1690 1021 1856 1097 huic
1890 1023 1990 1097 illi
2028 1023 2097 1097 se
2134 1022 2675 1122 conjungentes,
2715 1021 2898 1097 adeo
2926 1020 3250 1117 gnaviter
3284 1017 3478 1119 quod
3531 1017 3942 1094 mandatum

1051 1154 1202 1217 erat
1236 1143 1642 1243 praestitere,
1665 1155 1757 1219 'ut
1798 1143 2106 1245 Anglus,
2141 1143 2313 1218 nihil
2351 1142 2441 1218 de
2477 1142 2736 1218 insidiis
2771 1143 3073 1231 senserit,
3112 1167 3204 1215 ne
3251 1141 3485 1241 plures
3520 1166 3738 1241 quam
3774 1165 3942 1241 pau·

1033 1265 1248 1340 culos
1284 1265 1464 1351 illos,
1500 1267 1621 1366 qui
1658 1291 1800 1365 prae
1835 1265 2056 1340 oculis
2092 1275 2314 1354 erant,
2344 1276 2561 1350 ratus,
2595 1263 2870 1338 illorum
2900 1264 3203 1348 securuS,
3230 1262 3457 1362 utqui
3492 1259 3945 1336 tumultuarie

1051 1398 1327 1460 tantum
1363 1386 1964 1461 circumfultantes
2014 1383 2303 1484 fingulis
2337 1383 2648 1484 quidem,
2705 1382 2756 1457 fi
2792 1383 2949 1485 quis
2984 1383 3055 1457 se
3089 1396 3357 1457 temere
3392 1381 3757 1470 offerebat,
3796 1405 3940 1457 cer-

1035 1506 1323 1597 tabant,
1361 1507 1505 1592 sed,
1541 1507 1810 1607 majore
1844 1505 2200 1606 ingruenti
2235 1505 2328 1591 vi,
2368 1504 2705 1580 cedentes
2734 1504 2927 1579 haud
2962 1502 3260 1578 multum
3313 1503 3653 1578 momenti
3705 1502 3797 1576 ad
3848 1502 3945 1576 rei

1035 1630 1388 1702 summam
1427 1628 1672 1702 afferre
1707 1627 2153 1712 videbantur,
2191 1651 2336 1726 qua
2372 1625 2737 1710 institerat,
2773 1625 3141 1725 pergebat.
3249 1625 3358 1699 Ita
3394 1624 3486 1699 ad
3518 1625 3757 1699 locum
3790 1621 3942 1698 infi-

1049 1748 1347 1823 diarium
1385 1747 2054 1849 appropinquatum,
2095 1773 2256 1822 cum
2286 1745 2608 1821 emifl'arii
2644 1746 2739 1820 illi
2778 1771 2863 1819 ex
2894 1745 3096 1847 equis
3130 1744 3475 1831 defiliunt,
3511 1758 3585 1821 et
3619 1745 3942 1830 conferti,

1044 1869 1401 1970 praetensis
1451 1867 1686 1957 hastis,
1728 1867 1922 1968 quasi
1958 1869 2088 1942 toti
2130 1866 2528 1969 Anglorum
2566 1867 2905 1942 exercitui
2939 1867 3305 1967 pugnandi
3357 1867 3637 1967 copiam
3685 1866 3943 1941 facturi

1045 1994 1114 2066 se
1150 1989 1516 2091 objiciunt,
1558 2015 1784 2090 equos
1836 2015 2017 2090 quos
2070 1988 2438 2063 habebant
2488 1987 2961 2063 sele6tiffimos
3016 1987 3423 2078 dimittunt3
3478 1987 3551 2061 id
3600 1986 3944 2061 limitanei

1044 2111 1451 2210 conspicati,
1491 2124 1565 2185 et
1601 2136 1845 2185 eorum
1879 2111 2030 2185 fere
2084 2109 2465 2184 acerrimus
2501 2109 2817 2209 quisque,
2859 2109 3115 2208 praedae
3149 2108 3482 2208 cupidine
3517 2107 3683 2182 dum
3720 2133 3944 2208 equos

1040 2232 1323 2332 longius
1357 2233 1835 2331 insequuntur,
1875 2257 1920 2305 a
1953 2229 2202 2331 proelio
2238 2229 2575 2304 abfuere:
2628 2230 2887 2315 caeteri,
2922 2254 3309 2329 paucorum
3350 2228 3537 2304 hanc
3572 2228 3947 2303 audaciam

1042 2379 1183 2426 non
1224 2353 1651 2427 admirantes
1684 2352 1916 2452 magis
1951 2377 2166 2451 quam
2204 2363 2762 2436 contemnenteS,
2796 2350 3103 2425 necdum
3140 2350 3231 2424 ad
3268 2349 3591 2450 proelium
3636 2350 3707 2424 se
3743 2375 3943 2449 para-

1043 2484 1314 2558 verant,
1351 2473 1580 2547 donec
1615 2471 1705 2557 ei,
1742 2473 1863 2573 qui
1902 2472 1970 2546 in
2026 2470 2287 2546 insidiis
2341 2482 2566 2555 erant,
2606 2471 2829 2545 coorti
2882 2485 2977 2556 et,
3030 2470 3307 2546 sublato
3365 2493 3581 2570 quam
3637 2470 3944 2545 maximo

1043 2605 1372 2693 poterant
1406 2592 1740 2675 clamore,
1782 2593 1936 2692 jam
1974 2592 2290 2681 aderant,
2337 2592 2491 2692 jam
2526 2592 2598 2665 se
2648 2590 3068 2666 inferebant.
3176 2590 3367 2666 Tum
3404 2616 3569 2668 vero
3606 2615 3695 2664 ex
3742 2593 3943 2691 equis

1045 2713 1490 2803 descendere,
1532 2713 1756 2788 aciem
1790 2709 2154 2799 instruere,
2189 2712 2472 2787 ordines
2507 2711 2858 2811 explicare
2893 2713 3131 2787 omnia
3167 2712 3365 2788 simul
3394 2713 3656 2794 conati,
3691 2713 3943 2788 frustra

1026 2835 1581 2923 tumultuantur,
1621 2834 1775 2908 aliis
1811 2834 1986 2907 alios
2021 2832 2590 2934 impedientibus,
2626 2859 2711 2908 ac
2744 2833 3246 2933 promptiffimo
3282 2860 3572 2935 quoque
3606 2837 3786 2911 inter
3820 2836 3939 2910 de-

1040 2953 1514 3029 scendendum
1547 2955 1751 3038 caeso,
1790 2955 2094 3054 reliquiS,
2127 2980 2272 3055 qua
2298 2955 2593 3054 quisque
2620 2965 2921 3054 poterat,
2958 2952 3081 3028 fibi
3118 2954 3665 3048 consulentibus,
3696 2982 3941 3032 omnes

1043 3075 1308 3175 pariter
1341 3073 1471 3148 fufi
1526 3074 1902 3175 fugatique
1958 3075 2136 3150 sunt.
2237 3072 2730 3176 Nequaquam
2790 3074 3068 3160 eadem,
3104 3101 3248 3176 qua
3299 3077 3392 3150 ad
3432 3077 3936 3167 Millertonum,

975 3239 983 3247 ·
1039 3195 1418 3271 clementia
1469 3195 1778 3270 victores
1831 3194 1973 3281 ufi3
2027 3195 2501 3270 acclamatum
2552 3196 2866 3295 undique
2920 3209 2997 3269 ut
3037 3195 3335 3298 Georgii
3390 3197 3817 3284 inhumanae,
3870 3211 3939 3273 et

1036 3328 1290 3391 contra
1327 3316 1490 3390 belli
1529 3340 1825 3402 morem,
1863 3315 2077 3390 caedis
2112 3340 2464 3390 memores
2499 3315 2739 3406 effent,
2780 3327 2851 3390 et
2887 3341 3135 3416 poenas
3162 3331 3617 3417 expeterent3
3669 3320 3933 3420 itaque,

1035 3448 1390 3538 quotquot
1415 3436 1691 3535 -afl'equi
1728 3446 2060 3535 poterant
2094 3433 2274 3519 caefi,
2312 3448 2563 3535 captus
2598 3461 2831 3522 nem0,
2868 3435 2993 3511 nifi
3029 3439 3151 3537 qui
3186 3440 3256 3513 in
3289 3438 3667 3515 Blacadari
3705 3466 3939 3516 arcem

1033 3557 1506 3657 propinquam
1544 3555 1848 3630 evasere.
1955 3554 2141 3630 Eam
2174 3555 2601 3655 fugientium
2637 3570 2837 3632 tanta
2871 3558 3320 3634 multitudine
3354 3560 3686 3635 refertam
3714 3562 3932 3652 aiunt,

1023 3689 1307 3778 quanta
1358 3676 1705 3749 domuum
1775 3687 1848 3750 et
1900 3701 2084 3750 areae
2138 3687 2290 3750 tota
2338 3677 2737 3776 capacitate
2806 3680 3166 3754 continere
3218 3692 3521 3780 poterat.
3590 3689 3595 3694 '
3650 3681 3935 3783 Quippe

1034 3797 1174 3871 loci
1211 3795 1540 3870 dominus
1574 3821 1734 3870 cum
1766 3795 2095 3871 Nisbetto
2130 3796 2581 3883 occidentali,
2609 3799 2724 3873 cui
2756 3797 3365 3876 Wedderburnius
3400 3827 3610 3902 opem
3637 3802 3933 3892 ferebat,

1023 3917 1454 3993 fimultatem
1493 3914 1778 4007 alebat;
1827 3942 1970 4018 quo
2005 3918 2305 4007 fafitum,
2346 3930 2424 3992 ut
2458 3943 2592 3993 nec
2626 3901 2992 4018 aegerrime
3033 3921 3329 4023 Georgii
3367 3923 3635 3999 caedem
3672 3924 3933 4010 tulerit,

1030 4063 1165 4114 nec
1201 4037 1475 4138 proelio,
1511 4038 1582 4111 in
1618 4062 1761 4138 quo
1800 4037 1952 4137 ejus
1984 4037 2166 4113 filius
2193 4037 2613 4139 imperabat,
2650 4041 3062 4116 interfuerit.
3154 4041 3264 4116 Ita
3298 4069 3470 4144 erga
3500 4043 3777 4146 Anglos
3812 4071 3932 4146 pa-

1023 4161 1274 4250 catior,
1316 4171 1389 4234 et
1436 4158 1780 4233 dedentes
1831 4159 2123 4258 recepit,
2161 4185 2248 4234 ac
2301 4158 2577 4258 postero
2613 4159 2729 4234 die
2780 4161 3198 4248 incolumes,
3235 4189 3321 4238 ac
3373 4163 3517 4239 fine
3568 4166 3795 4265 pretio
3830 4165 3931 4240 di-

1025 4280 1226 4356 mifit.
1335 4279 1522 4367 Qua,
1559 4291 1639 4354 ut
1676 4279 1914 4354 David
1949 4278 2560 4379 interpretabatur,
2602 4278 2850 4380 infigni
2884 4282 3138 4382 injuria
3174 4309 3259 4358 ac
3287 4285 3737 4376 contumelia,
3775 4299 3928 4360 tan-

1028 4415 1121 4476 tae
1155 4403 1336 4475 inter
1373 4400 1807 4501 propinquas
1861 4399 2168 4474 familias
2217 4399 2603 4475 inimicitiae
2655 4403 3079 4492 exarserunt,
3137 4429 3224 4478 ac
3276 4413 3425 4480 tam
3478 4407 3928 4504 pertinaciter

1027 4522 1359 4621 utrinque
1393 4521 1722 4596 exercitae
1758 4521 1938 4609 sunt,
1979 4518 2132 4594 aliis
2161 4544 2254 4593 ex·
2286 4519 2441 4594 aliis
2468 4520 2919 4596 nascentibus
2947 4523 3089 4598 odii
3116 4523 3621 4618 occafionibuS,
3655 4544 3733 4601 ut
3764 4526 3925 4602 Bla-

1027 4642 1313 4716 cadario
1347 4641 1638 4727 nomini,
1673 4667 1764 4716 ea
1798 4641 1868 4714 in
1922 4639 2303 4739 provincia,
2345 4640 2630 4716 tandem
2668 4643 2885 4717 exitio
2925 4643 3209 4720 fuerint.
3318 4645 3605 4720 Accidit
3655 4646 3771 4722 hic
3817 4674 3926 4724 res

1025 4787 1170 4836 una
1200 4773 1328 4836 aut
1363 4761 1604 4850 altera,
1646 4776 1722 4834 ut
1759 4759 2201 4859 perridicula,
2235 4759 2429 4834 haud
2454 4775 2691 4836 tamen
2722 4761 3003 4839 sortafl'e
3030 4763 3358 4841 tacenda.
3451 4765 3921 4868 Langtonius,

1011 4881 1506 4966 tumultuarie,
1541 4892 1620 4955 ut
1671 4880 1997 4966 diximus,
2033 4882 2328 4972 excituS,
2370 4881 2553 4957 sorte
2608 4882 2893 4958 inermis
2945 4882 3383 4962 excurrebat.
3493 4887 3583 4978 Is,
3624 4915 3784 4966 cum
3822 4891 3923 4964 in-

1017 5005 1204 5080 ·stare
1228 5003 1384 5103 jam
1419 5013 1778 5078 certamen
1815 5011 2152 5092 cerneret,
2191 5002 2329 5078 suis
2356 5015 2444 5096 ‘ut
2478 5027 2565 5078 ex
2614 5004 2816 5103 equis
2868 5005 3394 5094 descenderent,
3432 5009 3797 5103 edixerat3
3852 5022 3925 5086 et
