4575 6042
1600 744 2658 840 WEDDERBURNENSI.
3486 759 3583 828 35

675 934 969 1030 monito,
1001 943 1074 1008 et
1108 931 1569 1034 prosefflonis
1604 925 1890 1010 causam
1922 933 2308 1021 indicante,
2336 934 2429 1010 ab
2458 959 2690 1036 eoque
2726 933 3053 1036 probata,
3090 948 3161 1011 et
3196 938 3403 1011 venia
3455 938 3580 1010 im·

667 1065 967 1152 petrata,
1010 1051 1322 1128 Edinum
1359 1065 1484 1129 aut
1509 1079 1874 1155 quoquam
1902 1066 2102 1130 extra
2137 1055 2573 1156 provinciam
2609 1056 3095 1156 proficiscenti.
3206 1055 3410 1133 Unus
3440 1054 3581 1131 Ro-

669 1172 911 1250 bertus
966 1172 1408 1250 Blacadarus
1447 1173 2019 1275 Coldinghamiae
2071 1174 2596 1267 coenobiarcha,
2654 1201 2743 1250 ex
2801 1191 3039 1252 vetere
3094 1177 3460 1253 inimicitia
3508 1190 3583 1252 et

668 1296 960 1386 recenti,
997 1292 1093 1370 ob
1133 1293 1691 1371 Blacadarorum
1742 1295 2264 1394 patrimonium,
2317 1296 2484 1371 odio
2536 1297 2870 1383 infensus,
2908 1297 3285 1374 conatibus
3320 1299 3475 1398 ejus
3508 1299 3581 1372 se

666 1415 1102 1516 opponebat.
1207 1415 1479 1491 Verum
1505 1441 1670 1492 cum
1703 1416 1885 1491 inter
1906 1417 2309 1492 venandum
2337 1417 2518 1492 sorte
2548 1416 3024 1505 occurrissent,
3060 1420 3213 1519 pari
3250 1420 3580 1520 utrinque

665 1561 983 1627 numer0,
1024 1537 1208 1612 adeo
1242 1536 1495 1612 infeste
1545 1547 2027 1622 occurrerunt,
2063 1536 2245 1612 adeo
2300 1538 2753 1638 pertinaciter
2804 1555 3238 1639 pugnarunt,
3291 1540 3579 1614 nemine

669 1672 1050 1758 patronum
1084 1657 1477 1744 deserente,
1507 1669 1584 1733 ut
1610 1657 1996 1734 vulneratis
2030 1683 2120 1734 ex
2167 1658 2713 1734 Wedderburnii
2742 1672 2942 1758 parte
2977 1684 3197 1759 quam
3232 1661 3573 1761 plurimis,

665 1777 890 1853 altera
941 1802 1106 1878 pars
1140 1788 1294 1852 tota
1335 1803 1499 1853 cum
1550 1777 1839 1853 domino
1891 1777 2375 1855 internecione
2428 1779 2663 1855 occisa
2716 1778 2821 1855 fit.
2929 1778 3237 1857 Factum
3290 1781 3428 1858 hoc
3484 1782 3577 1856 ad

674 1896 1239 1973 Lambertonum
1267 1898 1364 1974 ait
1399 1897 1880 1990 Holinfidius;
1921 1898 2037 1974 alii
2063 1899 2153 1975 ad
2187 1899 2637 2000 Harcragum
2659 1900 2798 2000 (ad
2832 1901 3070 2001 Ayum
3099 1927 3381 1978 amnem
3407 1905 3579 1978 saxa

662 2043 753 2092 ea
786 2018 979 2118 sunt)
1019 2019 1219 2094 fuifl'e
1255 2019 1526 2095 volunt.
1633 2018 1750 2094 Ex
1785 2045 1873 2094 eo
1907 2044 2120 2095 nemo
2154 2022 2227 2096 se
2262 2021 2330 2095 ei
2365 2046 2730 2122 opponere
2765 2021 3101 2098 audebat.
3194 2023 3447 2124 Itaque
3482 2025 3577 2098 ad

668 2166 890 2228 arceS,
925 2168 1106 2243 quas
1139 2141 1457 2233 dederat,
1496 2142 2020 2242 recuperandas
2056 2143 2372 2217 animum
2408 2142 2715 2242 adjecit:
2751 2153 2824 2216 et
2857 2144 3085 2242 primo
3120 2144 3319 2218 suam
3351 2141 3574 2220 Wed·

665 2261 1117 2338 derburniam
1171 2263 1309 2337 hac
1359 2262 1658 2338 ratione.
1767 2261 1957 2338 Cum
2012 2262 2384 2337 custodum
2442 2287 2607 2363 pars
2661 2262 2987 2338 Dunsum
3042 2263 3135 2338 ad
3186 2277 3577 2340 mercatum

663 2382 840 2470 iffet,
875 2408 1000 2459 eos
1035 2383 1486 2485 inopinantes
1539 2382 1902 2486 aggressus
1958 2385 2170 2484 cepit,
2217 2396 2467 2484 captos
2520 2382 3146 2460 Wedderburnum
3197 2383 3413 2475 ducit,
3469 2385 3577 2460 iis-

664 2529 828 2604 que,
867 2505 990 2605 qui
1025 2504 1214 2579 intus
1250 2503 1751 2592 remanserant,
1790 2502 2114 2593 ostendit,
2154 2504 2463 2579 minatus
2498 2515 2571 2578 et
2605 2503 2690 2578 iis
2726 2529 2908 2604 quos
2954 2517 3203 2605 captos
3237 2504 3572 2595 habebat,

664 2637 738 2698 et
787 2623 973 2725 ipfis,
1024 2625 1098 2699 ni
1152 2636 1430 2699 mature
1489 2649 1727 2699 arcem
1779 2623 2069 2709 dedant,
2106 2623 2424 2700 exitium.
2534 2622 2724 2699 Cum
2773 2625 3280 2725 pertinaciores
3328 2626 3569 2715 essent,

663 2745 839 2846 erigi
875 2771 1122 2825 cruces
1162 2743 1416 2847 jubet:
1468 2744 1638 2819 dum
1674 2744 2048 2834 ducuntur,
2088 2743 2381 2846 quidam
2416 2743 2707 2820 natione
2746 2745 3026 2832 Gallus,
3063 2744 3420 2822 Joannem
3454 2773 3573 2822 vo-

666 2864 949 2955 cabant,
990 2864 1360 2966 parvulum
1393 2863 1551 2966 (alii
1579 2863 2014 2966 elegantem,
2051 2880 2380 2964 corrupta
2414 2889 2591 2939 voce
2632 2863 2954 2963 Gallica)
3015 2879 3167 2940 arte
3220 2878 3573 2943 tormenta

666 2985 1069 3062 collimandi
1105 2982 1415 3086 infignis,
1450 2985 1790 3086 praefatus
1823 2983 1994 3060 nihil
2028 2982 2151 3084 ipsi
2178 2985 2622 3083 profuturam
2660 3009 2907 3059 eorum
2940 2998 3267 3073 mortem,
3302 2986 3423 3063 det
3459 3013 3574 3063 ve-

663 3107 854 3183 niam
888 3105 1128 3192 modo,
1163 3107 1234 3182 se
1270 3130 1506 3182 arcem
1533 3105 1599 3180 ei
1626 3105 1698 3180 in
1726 3130 2017 3180 manum
2045 3103 2486 3179 traditurum.
2595 3104 2772 3180 Inde.
2806 3105 3191 3207 permifl'uS,
3224 3107 3573 3194 custodeS,

665 3227 786 3327 qui
820 3228 1012 3302 intus
1044 3241 1267 3315 erant,
1307 3225 1709 3326 alloquitur,
1749 3224 1998 3300 suadet
2025 3248 2261 3300 arcem
2287 3224 2576 3300 domino
2605 3224 2894 3312 dedant,
2928 3227 3183 3302 frustra
3217 3227 3569 3318 obfistere,

667 3349 837 3422 scire
872 3348 942 3422 se
979 3362 1156 3448 quot
1183 3358 1256 3422 et
1289 3345 1412 3447 qui
1447 3345 1638 3422 intus
1670 3347 1826 3436 fuit,
1867 3359 1940 3420 et
1974 3370 2120 3446 qua
2155 3369 2457 3420 annonae
2491 3345 2733 3446 inopia
2768 3371 3035 3447 paucos
3068 3347 3221 3423 dies
3246 3348 3574 3425 suffefitu-

665 3495 783 3544 rae.
892 3467 1081 3544 Cum
1116 3493 1258 3543 non
1297 3467 1772 3570 persuaderet,
1808 3465 2054 3542 omiffo
2092 3465 2474 3567 colloqui0,
2510 3479 2862 3542 tormento
2899 3494 3145 3544 eorum
3180 3494 3399 3544 unum
3434 3483 3572 3545 tra—

655 3589 836 3690 jicit,
873 3615 960 3665 ac
995 3603 1164 3663 tunc
1199 3587 1496 3663 vinculis
1529 3587 1818 3678 solutus,
1857 3612 2025 3662 nam
2078 3600 2294 3662 antea
2330 3586 2422 3660 ad
2464 3586 2832 3664 Simonem
2870 3587 3299 3691 Panangum
3331 3591 3571 3666 vinxe-

664 3722 843 3801 rant,
881 3735 974 3785 ne
1009 3709 1381 3810 effugeret.
1489 3707 1864 3798 Custodes,
1905 3733 2068 3782 cum
2101 3707 2276 3783 nihil
2312 3707 2456 3808 spei
2500 3709 2771 3809 uspiam
2806 3709 2998 3796 effet,
3034 3723 3107 3786 et
3141 3711 3372 3787 vietus
3405 3711 3575 3788 defi-

666 3842 881 3918 ceret,
917 3830 1249 3932 postridie
1285 3830 1354 3906 se
1383 3855 1470 3905 ac
1505 3853 1741 3904 arcem
1791 3828 2235 3919 dediderunt,
2275 3839 2350 3903 et
2384 3829 2773 3904 incolumes
2824 3830 3115 3908 demiffi.
3221 3831 3351 3907 Ille
3412 3857 3577 3908 cum

668 3950 950 4027 Davide
984 3950 1307 4036 substitit,
1343 3962 1416 4024 et
1449 3950 1636 4050 saepe
1669 3947 1952 4024 fidelem
1990 3949 2056 4024 ei
2093 3973 2389 4049 operam
2438 3949 2778 4050 praestitit.
2886 3950 3063 4027 Inde
3098 3950 3191 4026 ad
3229 3950 3574 4028 Humiam

664 4096 902 4149 arcem
935 4073 1092 4162 itur,
1134 4097 1352 4172 quam
1389 4095 1532 4145 non
1568 4066 1862 4146 abfimili
1899 4069 2137 4155 mod0,
2173 4068 2384 4169 hujus
2419 4067 2630 4170 ipfius
2657 4068 2956 4146 Joannis
2990 4072 3298 4147 maxime
3324 4096 3564 4172 opera,

667 4205 1108 4294 receperunt.
1218 4190 1412 4267 Tum
1447 4190 1540 4265 ad
1581 4188 2086 4291 Langtoniam,
2126 4214 2288 4291 quae
2324 4201 2397 4264 et
2430 4190 2581 4290 ipsa
2615 4190 2859 4266 dedita
2892 4191 3019 4278 est,
3056 4203 3272 4292 atque
3307 4193 3429 4282 ita,
3468 4219 3573 4268 re·

667 4313 1023 4414 cuperatis
1055 4311 1405 4403 omnibus,
1446 4335 1532 4386 ac
1565 4311 1636 4385 in
1675 4310 2047 4411 antiquum
2095 4310 2309 4410 plane
2343 4309 2698 4402 restitutiS,
2752 4336 2877 4388 eas
2910 4324 2985 4388 et
3035 4322 3263 4387 totam
3296 4313 3572 4413 provin-

667 4435 877 4520 ciam,
911 4434 1195 4509 nemine
1229 4442 1701 4533 repugnante,
1736 4429 2120 4506 obnoxiam
2143 4428 2268 4505 fibi
2296 4429 2493 4507 fecit.
2570 4429 2806 4524 Tunc,
2836 4443 2916 4507 ut
2941 4456 3122 4517 reor,
3148 4432 3573 4532 potiffimum

672 4553 1071 4654 Georgium
1104 4551 1402 4644 reduxit,
1441 4564 1846 4652 caeteraque
1880 4551 2177 4652 peregit,
2208 4550 2301 4626 de
2336 4549 2597 4656 quibus
2622 4551 2852 4652 supra.
2958 4550 3387 4629 Restitutum
3416 4553 3572 4631 Du-

666 4675 902 4779 glafiis
936 4677 1246 4752 amicum
1283 4673 1565 4776 penitus
1599 4671 1928 4758 reddidit,
1963 4671 2035 4747 id
2070 4671 2379 4747 maxime
2414 4697 2455 4747 e
2483 4697 2559 4748 re
2594 4673 2955 4773 utriusque
2991 4673 3281 4750 ducens·
3389 4675 3571 4777 Ipse,

664 4797 858 4875 haud
892 4796 1152 4872 dubius
1186 4821 1429 4872 earum
1457 4794 1789 4896 partium,
1824 4807 2074 4868 mutua
2106 4793 2380 4892 semper
2414 4816 2553 4891 ope
2580 4803 2653 4868 et
2678 4793 2869 4893 juvit
2904 4818 3053 4882 eos,
3088 4805 3163 4870 et
3198 4795 3289 4870 ab
3325 4797 3410 4872 iis
3444 4797 3568 4873 ad-

655 4921 856 5020 jutus
883 4947 906 5011 ;
941 4943 1110 4996 nam
1141 4917 1505 4994 Gulielmo
1535 4914 1830 5018 Angufii
1856 4914 2052 4991 fratri
2080 4914 2151 4990 in
2178 4915 2605 4992 vindicando
2637 4911 3208 5018 Coldinghamiae
3234 4918 3567 4995 coenobio
