4575 6042
1015 755 1112 822 40
1929 745 2073 823 DE
2131 743 2587 824 FAMILIA
2642 743 3002 824 HUMIA

1021 960 1214 1058 giem
1248 957 1524 1033 concha
1559 957 1899 1033 inclusam
1931 955 2305 1058 reperifl‘e3
2342 957 2481 1034 hoc
2514 958 2581 1034 ei
2608 957 3019 1034 nunciatum
3050 957 3401 1060 displicuit
3426 957 3632 1050 adeo,
3674 971 3750 1034 ut
3792 985 3928 1036 nec

1026 1103 1434 1179 quenquam
1471 1077 1626 1179 ejus
1662 1078 1925 1154 ordinis
1957 1079 2030 1154 in
2066 1079 2529 1178 conspedtum
2562 1077 2821 1155 exinde
2856 1077 3235 1166 admiserit,
3267 1089 3341 1155 et
3374 1079 3813 1180 religionem,
3852 1092 3931 1154 ut

1023 1197 1410 1275 mendaciis
1445 1199 1706 1286 nixam,
1742 1199 2139 1299 suspe6l:am
2185 1197 2540 1274 habuerit.
2648 1199 3105 1300 Quapropter
3138 1201 3469 1286 moriens»,
3505 1225 3669 1276 cum
3703 1202 3926 1276 cruci-

1024 1319 1143 1393 fixi
1177 1320 1419 1420 imago
1456 1320 1522 1395 ei
1559 1318 2036 1396 deosculanda
2069 1317 2163 1394 ab
2199 1319 2523 1396 adstante
2571 1319 3087 1411 admoveretur,
3128 1321 3442 1398 aversata
3476 1320 3603 1408 est,
3656 1346 3929 1423 negans

1024 1441 1220 1514 suam
1256 1441 1450 1541 spem
1481 1439 1880 1540 hujusmodi
1913 1440 2125 1541 nugis
2179 1441 2407 1526 inniti,
2462 1440 2533 1516 in
2580 1465 2724 1516 uno
2766 1439 3071 1527 Christo,
3124 1452 3320 1518 certo
3369 1443 3495 1520 suo
3536 1442 3930 1528 Salvatore,

1029 1586 1188 1636 eam
1224 1559 1600 1663 repofitam
1625 1560 1940 1654 habere3
1977 1560 2070 1637 de
2098 1586 2243 1662 qua
2276 1559 2451 1638 illud
2482 1588 2501 1634 ε

1499 1867 1508 1878 .
1571 1801 1668 1877 Et
1702 1825 1968 1902 genere
2001 1813 2076 1876 et
2107 1799 2361 1890 forma,
2398 1812 2474 1877 et
2505 1801 2679 1876 nulli
2714 1801 2983 1902 pietate
3017 1801 3375 1893 secunda3

1675 1923 1807 1998 Vis
1842 1921 2095 1997 virtute
2130 1921 2348 1996 etiam
2382 1921 2673 1996 noscere
2706 1932 2974 2022 quanta
3008 1922 3169 1996 fui?

1572 2045 1760 2134 Quae
1795 2044 2048 2118 fratres
2085 2041 2279 2116 dedit
2314 2041 2549 2132 exili0,
2587 2041 3028 2143 flammisque
3061 2042 3370 2119 sororem

1672 2164 1906 2265 Regia
1939 2163 2271 2238 virtutem
2304 2161 2409 2236 est
2440 2163 2545 2237 vis
2579 2176 2921 2238 venerata
2953 2187 3215 2240 meam.

1576 2284 1938 2385 Quodque
1973 2283 2190 2358 etiam
2225 2295 2474 2357 natum
2510 2281 2801 2358 custode
2835 2284 2907 2356 in
2942 2309 3226 2362 carcere
3261 2283 3575 2361 clausum

1675 2404 2008 2494 Excusat,
2046 2428 2220 2478 num
2253 2402 2349 2478 fic
2384 2404 2454 2478 se
2479 2404 2656 2479 facit
2689 2405 2835 2505 ipse
2870 2407 3125 2480 reum?

1579 2524 2002 2602 Concedent
2038 2523 2192 2600 aliis
2226 2525 2518 2625 quaeviS,
2552 2524 2723 2600 mihi
2762 2525 3033 2601 cesserit
3064 2525 3170 2600 ira
3199 2554 3222 2617 ς

1677 2647 1862 2722 Sunt
1893 2671 2108 2748 mage
2142 2645 2417 2722 virtutis
2450 2645 2643 2722 clara
2676 2645 2997 2748 trophaea
3028 2671 3237 2721 meae.

1855 3040 1876 3079 x
2001 3033 2097 3084 vl.
2139 3033 2521 3085 GEORGIUS
2554 3034 2952 3086 SECUNDUS.

1035 3221 1386 3298 Securus
1424 3220 1527 3297 est
1561 3222 1758 3296 illum
1790 3220 2150 3320 Georgius
2185 3219 2369 3295 filius
2401 3232 2574 3294 natu
2603 3221 2977 3308 maximus,
3005 3246 3349 3297 annorum
3377 3223 3653 3298 circiter
3678 3247 3931 3298 novem

1030 3365 1250 3440 puer3
1291 3342 1445 3442 ejus
1481 3342 1777 3418 tutelam
1813 3339 2112 3440 suscepit
2149 3339 2563 3416 Alexander
2602 3340 3169 3431 Manderstonus,
3208 3342 3437 3418 functi
3468 3342 3769 3419 Davidis
3796 3345 3933 3418 fra-

1030 3477 1134 3537 ter
1170 3462 1550 3561 proximus,
1590 3485 1805 3561 quem
1847 3473 1920 3536 et
1968 3459 2206 3537 caeteri
2257 3461 2509 3538 fratres
2563 3461 2757 3536 omni
2811 3487 2949 3563 ope
2994 3462 3351 3562 juverunt.
3458 3462 3713 3564 Itaque
3774 3489 3937 3540 cum

1035 3583 1398 3682 Georgius
1432 3582 1667 3682 gentis
1699 3581 2028 3682 princeps
2066 3580 2297 3656 Kellae
2347 3580 2643 3658 decimis
2696 3583 3117 3668 immineret,
3156 3581 3565 3660 Alexandro
3600 3583 3935 3660 denunci-

1033 3704 1198 3793 avit,
1239 3714 1317 3778 ut
1360 3703 1452 3778 ab
1500 3701 1583 3776 iis
1633 3701 2036 3778 abstineret.
2143 3700 2304 3778 Has
2330 3701 2663 3793 decimas,
2704 3729 2748 3778 a
2788 3702 3360 3804 Coldinghamiae
3394 3705 3933 3791 coenobiarchis,

1033 3849 1333 3926 quorum
1368 3823 1440 3898 in
1486 3823 1648 3923 jure
1681 3836 1905 3913 erant,
1943 3823 2240 3908 locatas,
2298 3821 2534 3898 David
2572 3834 2645 3897 et
2678 3822 2887 3924 ipfius
2942 3827 3248 3928 majores
3292 3825 3448 3924 jam
3496 3851 3623 3926 per
3664 3825 3935 3926 aliquot

1033 3971 1256 4022 annos
1290 3943 1758 4047 possederant,
1795 3956 1868 4020 et
1903 3943 2074 4045 quid
2109 3944 2301 4020 hunc
2336 3943 2429 4018 ad
2464 3967 2591 4020 eas
2621 3943 3079 4020 vindicandas
3102 3945 3479 4046 impulerit,
3505 3944 3697 4022 haud
3722 3945 3937 4021 facile

1033 4067 1135 4144 est
1169 4067 1548 4168 conjicere.
1655 4066 1774 4142 An
1810 4066 2058 4166 suopte
2093 4065 2386 4167 ingenio
2421 4076 2494 4141 et
2528 4065 2775 4166 sponte
2824 4063 2965 4140 hoc
2997 4066 3269 4154 fecerit,
3324 4091 3414 4141 eo
3448 4066 3642 4166 quod
3676 4065 3937 4141 fundus

1031 4188 1244 4290 ipfius
1278 4187 1474 4275 effet,
1509 4187 1610 4263 ita
1644 4199 1717 4264 et
1752 4186 2066 4262 decimas
2101 4186 2195 4261 ad
2229 4187 2303 4263 se
2336 4184 2689 4286 pertinere
2740 4184 3002 4262 dehere
3044 4185 3405 4287 judicarit,
3441 4210 3535 4263 an
3570 4187 3805 4264 aliena
3835 4189 3938 4264 in-

1033 4312 1438 4412 stigatione,
1475 4306 1862 4384 dubitatur.
1969 4305 2250 4382 Tamen
2284 4307 2424 4382 hoc
2460 4306 2753 4393 constat,
2782 4305 2974 4383 haud
3000 4306 3167 4382 satis
3202 4307 3433 4382 amico
3468 4307 3732 4394 animo,
3758 4332 3939 4383 mor-

1037 4444 1179 4508 tem
1213 4443 1364 4506 tam
1392 4428 1602 4506 amici
1635 4428 1762 4504 viri
1797 4427 2168 4528 accepisse.
2274 4427 2602 4530 Accepto
2637 4427 2728 4504 de
2764 4453 2852 4504 ea
2885 4428 3172 4515 nuncio,
3226 4426 3319 4502 ad
3353 4427 3739 4504 familiares
3773 4454 3938 4506 con-

1034 4554 1293 4642 νοτίης,
1335 4550 1620 4626 “Itane
1655 4547 1832 4636 est,”
1871 4549 2122 4649 inquit,
2165 4557 2552 4626 “mortuus
2598 4549 2700 4625 est
2750 4560 3103 4650 cognatus
3154 4551 3417 4625 meus?
3522 4547 3722 4650 Ergo
3757 4549 3937 4627 cedo

1035 4672 1206 4750 mihi
1244 4669 1670 4747 Merciam.’'
1782 4669 1923 4746 Cui
1957 4693 2251 4744 uxorem
2287 4668 2897 4770 indignabundam
2925 4669 3261 4745 continuo
3289 4669 3654 4769 subjecisse
3678 4671 3937 4756 ferunt,

1041 4803 1088 4844 ‘⁶
1121 4791 1327 4868 Cedo
1363 4790 1489 4866 tibi
1526 4791 1790 4866 malam
1811 4815 1960 4866 rem
1991 4818 2014 4882 ς
2050 4790 2238 4865 hanc
2273 4801 2354 4865 tu
2386 4789 2485 4866 illi
2520 4790 2824 4892 gratiam
2859 4815 2986 4891 pro
3019 4802 3126 4865 tot
3161 4789 3522 4866 beneficiis
3548 4791 3791 4876 refers,
3818 4793 3939 4892 qui

1037 4929 1110 4992 te
1145 4913 1238 4990 ab
1273 4911 1464 4990 exilii
1497 4910 1788 4988 latebris
1821 4912 2279 4990 cunctantem
2317 4936 2405 4990 ac
2436 4934 2623 5014 pene
2656 4911 2950 4988 invitum
2986 4912 3297 4999 retraxit,
3332 4924 3405 4990 et
3438 4912 3937 5013 patrimonium
