4575 6042
1611 738 2658 818 WEDDERBURNENSI.
3488 748 3581 817 51

659 952 810 1052 ipsa
844 951 1340 1054 trepidatione,
1375 979 1540 1028 cum
1584 955 1739 1053 jam
1779 952 1998 1053 Angli
2034 951 2549 1052 impreffionem
2586 977 2804 1053 quam
2858 951 3242 1028 maximam
3294 953 3557 1029 fafituri

664 1070 905 1162 effent,
944 1075 1465 1174 superveniens,
1502 1073 1802 1174 dejefitis
1835 1086 1909 1150 et
1941 1073 2208 1164 occifiS,
2247 1074 2373 1173 qui
2424 1075 2629 1173 primi
2684 1085 3113 1160 ocurrerant,
3148 1074 3559 1174 promptiffi-

665 1216 860 1269 mum
896 1218 1256 1295 quemque
1291 1194 1631 1270 invadens
1665 1195 1758 1270 ad
1794 1196 1954 1270 suos
1989 1195 2254 1295 rejecit,
2297 1219 2545 1270 omnes
2578 1193 2788 1282 stetit,
2820 1205 2893 1270 et
2927 1195 3270 1295 impetum
3304 1196 3564 1297 repres—

663 1313 766 1402 fit,
806 1340 892 1390 ac
927 1316 1210 1391 suorum
1244 1317 1520 1392 animos
1555 1315 1896 1401 restituit3
1951 1315 2135 1391 adeo
2173 1326 2250 1389 ut
2285 1315 2356 1389 in
2411 1314 2691 1390 ordines
2732 1314 3012 1391 reduffi
3064 1314 3311 1391 senfim
3361 1318 3455 1406 se,
3496 1328 3568 1391 et

673 1444 828 1508 tuto
863 1437 1284 1537 receperint.
1395 1435 1700 1511 Gratum
1734 1436 1806 1511 id
1846 1435 2133 1526 Osellio,
2191 1461 2327 1511 nec
2362 1437 2747 1537 quicquam
2793 1435 3152 1537 deinceps,
3210 1462 3298 1512 eo
3332 1437 3572 1512 incon-

664 1553 866 1641 sulto,
902 1557 973 1630 in
1010 1582 1100 1631 ea
1133 1557 1494 1658 provincia
1529 1556 1852 1633 tentavit.
1964 1556 2043 1630 In
2079 1581 2223 1656 quo
2259 1568 2334 1631 et
2367 1556 2539 1631 illud
2576 1557 2827 1632 merito
2881 1557 3307 1648 laudaveris,
3367 1557 3563 1659 quod

663 1700 1076 1776 quanquam
1132 1678 1418 1777 injuffus
1473 1691 1545 1753 et
1604 1677 2003 1778 negleetus,
2060 1689 2302 1753 tamen
2365 1679 2764 1752 succurrere
2822 1678 3145 1754 voluerit.
3251 1678 3372 1756 De
3423 1704 3566 1781 quo

672 1795 892 1870 illud:
2582 1792 2599 1806 ’

1213 2040 1452 2126 Quam
1486 2038 1676 2115 bello
1711 2036 1882 2113 mihi
1919 2049 2248 2138 prompta
2280 2062 2557 2123 manus,
2601 2037 2975 2114 Suintonia
3009 2038 3222 2124 dicat,

1317 2160 1506 2235 Cum
1538 2162 1772 2236 versos
1812 2158 2064 2234 Gallos
2097 2159 2272 2236 vidit
2308 2171 2380 2234 et
2416 2158 2537 2234 illa
2571 2158 2887 2261 equitem

1219 2281 1632 2358 Scotorum:
1690 2279 2058 2370 Insultare,
2096 2279 2354 2355 instare
2390 2281 2461 2354 in
2497 2293 2703 2380 terga
2737 2292 3059 2356 catervas

1315 2401 1652 2488 Hostiles,
1687 2401 1808 2476 sed
1843 2427 1978 2476 nec
2001 2401 2157 2500 jam
2191 2403 2371 2501 fuga
2404 2412 2560 2478 tuta
2597 2403 2804 2476 soret.

1215 2523 1458 2623 Atque
1493 2523 1769 2622 aliquis,
1808 2547 1922 2597 res
1958 2522 2247 2612 excisaS,
2286 2534 2394 2597 tot
2428 2522 2649 2597 millia
2683 2522 2891 2597 morti

1315 2643 1638 2730 Tradita,
1673 2645 1745 2720 se
1781 2643 2097 2744 elapsum
2131 2645 2247 2718 vix
2283 2668 2602 2744 quoque,
2638 2655 2893 2734 narret,
2926 2667 3143 2744 equo.

1213 2764 1335 2840 Ne
1368 2767 1578 2851 soret,
1613 2765 1880 2855 adsum,
1920 2790 2180 2863 meque
2218 2788 2381 2840 acer
2418 2763 2869 2866 hastatasque
2903 2789 3225 2840 meorum

1311 2885 1596 2987 Objicio
1633 2900 1942 2962 turmas:
1997 2887 2365 2987 eripioque
2398 2885 2558 2962 neci

1219 3007 1464 3109 Atque
1497 3008 1693 3108 fugae
1728 3007 1915 3107 turpi
1952 3006 2296 3082 cunfitos:
2348 3006 2401 3081 fi
2434 3006 2660 3107 prisca
2694 3006 2981 3082 daretur

1313 3128 1584 3218 Civica,
1622 3139 1876 3228 quotta
1909 3127 2080 3202 mihi
2117 3127 2338 3228 digna
2372 3152 2637 3202 corona
2670 3126 2922 3202 venit?

1216 3248 1338 3324 Sic
1373 3249 1550 3325 alias
1583 3275 1726 3323 non
1763 3248 2196 3350 degenerem
2229 3273 2347 3323 me
2388 3247 2669 3336 Tueda,
2704 3247 3043 3347 videtque

1308 3370 1602 3472 Anglia,
1636 3370 1731 3446 fic
1765 3370 2014 3446 dextra
2047 3368 2186 3444 hac
2218 3393 2336 3444 me
2371 3369 2693 3446 meruiffe
2726 3370 2929 3445 mori.

1216 3491 1369 3578 Sat,
1405 3492 1656 3591 patria,
1696 3491 2098 3565 obtuleram
2133 3491 2354 3566 vitam
2386 3491 2563 3582 tibi;
2602 3516 2893 3592 parcere
2932 3489 3224 3566 Mavors

1311 3611 1592 3702 Maluit,
1637 3625 1709 3688 et
1744 3611 1992 3713 patriae
2027 3613 2263 3687 mitior
2300 3612 2489 3688 alma
2522 3612 2750 3713 quiea.

772 3854 988 3931 Certe
1025 3865 1193 3930 ante
1226 3853 1382 3954 ejus
1415 3852 1800 3929 adventum
1835 3851 2021 3928 adeo
2077 3853 2335 3953 trepidi
2367 3853 2705 3953 fugerant
2756 3863 2837 3927 ut
2869 3852 3147 3953 periiffe
3201 3853 3440 3928 omnia
3475 3854 3575 3928 di-

668 3989 930 4068 cerent,
969 3988 1042 4052 et
1083 3974 1732 4052 Wedderburniam
1785 3998 2022 4050 arcem
2079 3974 2527 4075 praetervec’ti
2582 3973 2927 4062 nonnulli,
2981 3987 3331 4075 negarent
3384 3975 3577 4049 illam

667 4096 832 4174 satis
865 4097 1166 4182 firmum,
1203 4095 1533 4171 adversus
1570 4093 1875 4170 hostium
1909 4095 2396 4196 ingruentium
2432 4095 2598 4181 vim,
2637 4089 3175 4170 munimentum.

773 4217 951 4293 Erat
1011 4219 1249 4306 etiam,
1314 4214 1510 4316 quod
1561 4214 1652 4290 de
1718 4214 1998 4291 Achille
2054 4213 2434 4306 Homerus,
2488 4211 2707 4299 Ποδας
2754 4244 2940 4301 nnuc,
3000 4214 3302 4315 pedibus
3360 4215 3573 4291 celer.

676 4335 880 4414 Unus
933 4337 1291 4413 Robertus
1328 4336 1664 4422 Humius,
1702 4334 2104 4410 Blacadarii
2157 4336 2439 4427 nothus,
2478 4337 2580 4411 vir
2630 4336 3031 4411 sortissimus
3079 4333 3281 4412 flmul
3338 4348 3413 4410 et
3445 4337 3575 4411 mi-

671 4457 980 4549 tiflimuS,
1019 4459 1234 4534 saffls
1283 4458 1594 4559 infigniS,
1647 4468 1720 4531 et
1771 4457 2129 4532 sa&orum
2180 4455 2566 4532 ostentator
2620 4457 2853 4558 (quod
2903 4479 3139 4532 rarum
3189 4454 3329 4556 est)
3382 4455 3577 4532 haud

672 4581 924 4666 minor,
957 4579 1085 4656 sub
1119 4579 1398 4655 initium
1431 4580 1672 4653 cursus
1721 4575 2080 4678 aequabat,
2139 4590 2263 4651 aut
2316 4576 2617 4677 praeibat
2675 4576 3027 4654 interdum
3078 4577 3170 4651 ad
3222 4588 3579 4653 trecentos

674 4699 932 4799 paffus,
961 4712 1112 4774 tum
1145 4699 1526 4777 deficiebat
1561 4724 1648 4774 ac
1682 4696 2010 4774 cedebat.
2119 4695 2336 4773 Hunc
2374 4698 2638 4772 amavit
2673 4696 2939 4774 summe
2975 4696 3069 4773 ob
3095 4697 3579 4773 fortitudinem

675 4833 747 4896 et
781 4821 1319 4911 humanitatem,
1357 4832 1432 4896 et
1465 4844 1607 4896 non
1643 4817 1960 4894 diffimile
1995 4818 2363 4919 ingenium
2398 4818 2492 4894 ad
2527 4844 2674 4894 rem
2700 4818 2934 4896 minus
2962 4831 3337 4910 attentum,
3369 4819 3581 4894 adeo-

672 4966 814 5040 que
848 4953 1185 5018 venatum
1221 4942 1458 5017 secum
1494 4938 1826 5032 ducebat,
1867 4939 2100 5041 operis
2133 4940 2407 5022 rusticis
2440 4939 2569 5016 fibi
2603 4939 2885 5022 interim
2920 4939 3279 5041 permiffis.
3393 4938 3581 5014 Cum
