4575 6042
1017 787 1115 857 44
1928 779 2070 855 DE
2129 717 2583 857 FAMILIA
2640 781 2997 858 HUMIA

1022 989 1386 1066 indirec'cis
1437 991 1565 1066 viis
1617 1015 1984 1091 peragere,
2036 984 2252 1090 idque
2303 991 2654 1067 interdum
2706 992 2980 1067 neceffe
3032 991 3192 1081 effe,
3252 991 3371 1066 ille
3426 990 3920 1091 superveniens

1032 1114 1285 1187 acriter
1336 1112 1762 1214 objurgavit,
1819 1123 1864 1159 ‘⁶
1917 1125 1991 1186 et
2043 1113 2214 1212 quid
2276 1116 2432 1202 tu,”
2488 1113 2739 1213 inquit,
2811 1123 2857 1158 “
2913 1113 3212 1213 Georgi,
3262 1113 3688 1188 indirectam
3740 1113 3929 1186 viam

1021 1235 1282 1308 vocas?
1342 1232 1454 1308 Ea
1482 1235 1674 1308 fraus
1710 1233 1810 1307 est
1846 1244 1917 1307 et
1951 1233 2237 1308 fallacia
2271 1234 2585 1333 specioso
2608 1233 2745 1309 hoc
2767 1234 3053 1308 nomine
3089 1234 3307 1324 tecta,
3347 1235 3493 1307 viro
3538 1234 3728 1308 bono
3774 1233 3932 1306 nus-

1021 1377 1236 1450 quam
1291 1352 1804 1428 admittenda.”
1915 1353 2070 1453 Ipse
2118 1355 2219 1429 ita
2267 1354 2535 1444 institit,
2587 1367 2659 1428 et
2692 1355 3031 1455 justitiam
3076 1355 3176 1429 ita
3210 1355 3452 1445 coluit,
3495 1368 3641 1428 tam
3679 1377 3929 1453 parum

1019 1472 1229 1547 alieni
1278 1486 1644 1573 appetens,
1696 1485 1770 1547 ut
1819 1500 1982 1549 cum
2035 1474 2215 1550 inter
2269 1500 2466 1550 arma
2513 1476 2769 1560 civilia,
2818 1474 3193 1550 deficiente
3247 1501 3291 1549 a
3338 1475 3555 1576 regiis
3608 1473 3929 1574 partibus

1023 1590 1433 1668 Alexandro
1467 1595 1702 1696 gentis
1736 1596 2076 1697 principe,
2115 1607 2345 1671 totum
2392 1594 2603 1696 ipfius
2650 1577 3151 1695 patrimonium
3202 1596 3526 1696 accipere
3574 1593 3922 1696 potuifl'et,

1021 1715 1128 1788 vel
1177 1716 1391 1789 etiam
1435 1716 2007 1818 Coldinghamiae
2043 1715 2471 1807 coenobium,
2512 1717 2705 1816 quod
2741 1716 3040 1792 ,loannis
3078 1717 3457 1793 Mettelani
3496 1717 3757 1804 fuerat,
3795 1741 3928 1790 nec

1017 1833 1176 1920 hoc,
1212 1861 1347 1911 nec
1381 1837 1576 1927 illud,
1601 1864 1738 1913 nec
1765 1837 1957 1914 aliud
1985 1838 2376 1939 quippiam,
2400 1864 2491 1912 ne
2526 1838 2941 1938 particulam
2980 1838 3267 1938 quidem
3300 1838 3402 1913 rei
3430 1838 3681 1913 alienae
3719 1838 3928 1911 attin-

1016 1980 1190 2054 gere
1218 1958 1461 2033 voluit.
1566 1957 1836 2035 Nobile
1873 1960 2027 2059 ejus
2067 1961 2167 2035 rei
2213 1971 2713 2061 argumentum
2751 1959 2851 2034 est
2887 1962 3132 2049 serm0,
3170 1959 3353 2034 inter
3388 1983 3551 2034 eum
3588 1972 3662 2033 et
3702 1958 3925 2032 Patri·

1013 2077 1202 2164 cium
1245 2077 1650 2154 Lindefium
1685 2079 2017 2173 habitus;
2059 2107 2220 2156 cum
2255 2081 2315 2156 is
2342 2081 2628 2182 juberet
2664 2079 2931 2180 aliquid
2968 2107 3012 2155 a
3048 2104 3349 2179 protege
3376 2091 3645 2179 petere,
3674 2106 3925 2180 accep·

1015 2209 1249 2272 turum
1287 2199 1481 2300 quod
1514 2201 1750 2285 vellet,
1788 2201 1904 2276 ille
1942 2215 2211 2289 contra,
2246 2203 2319 2276 se
2355 2202 2523 2276 nihil
2562 2213 2915 2302 expetere,
2956 2201 3244 2286 diceret,
3287 2201 3412 2274 suo
3464 2213 3875 2275 contentum
3906 2230 3925 2285 ;

1014 2342 1179 2391 cum
1207 2317 1576 2395 Lindefius
1601 2303 1908 2408 instaret,
1936 2325 2310 2422 “petam,”
2337 2322 2589 2422 inquit,
2620 2322 3263 2422 “quandoquidem
3288 2321 3387 2395 ita
3411 2321 3533 2409 via,
3560 2337 3633 2395 et
3656 2333 3923 2395 certum

1015 2437 1100 2511 fit
1136 2445 1668 2541 accepturum.'’
1777 2441 1988 2517 Tunc
2029 2441 2397 2518 Lindefius
2432 2442 2681 2518 sancte
2730 2442 3047 2542 dejerare
3092 2454 3549 2542 accepturum
3587 2442 3924 2542 quicquid

1015 2571 1292 2658 peteret
1323 2589 1343 2651 ;
1383 2562 1497 2636 cui
1525 2561 1662 2653 ille,
1694 2575 1741 2608 ‘⁶
1776 2561 1980 2638 Cedo
2009 2588 2181 2663 ergo
2211 2562 2481 2637 Hadini
2510 2564 2991 2639 coenobium.”
3100 2573 3147 2608 “
3178 2561 3424 2661 Atque
3450 2561 3667 2652 hoc‚’'
3696 2563 3922 2661 inquit

1019 2677 1414 2770 LindefiuS‚
1451 2691 1498 2727 “
1531 2680 1683 2757 dari
1718 2708 1858 2756 non
1887 2684 2136 2783 potest,
2169 2709 2309 2784 ego
2336 2683 2526 2758 enim
2542 2683 2971 2783 jamdudum
3001 2683 3246 2782 accepi
3275 2711 3297 2772 ς
3326 2680 3448 2756 sed
3476 2698 3642 2782 pete
3668 2683 3920 2771 seri0,'’

1015 2800 1271 2899 inquit,
1309 2811 1358 2847 “
1390 2827 1557 2876 nam
1604 2801 1728 2877 nifi
1781 2829 1867 2878 ex
1927 2803 2231 2878 hostium
2282 2803 2489 2878 bonis
2525 2802 2792 2904 aliquid
2841 2803 3224 2902 acceperiS,
3262 2827 3629 2901 nunquam
3673 2802 3921 2877 nostris

1017 2921 1336 3020 partibus
1371 2934 1444 2999 te
1479 2925 1698 2999 fidum
1724 2925 1892 3000 satis
1927 2925 2371 2999 credemus.’'
2481 2922 2674 2998 Tum
2716 2923 2977 3013 David,
3021 2933 3065 2969 “
3102 2949 3243 3022 ego
3278 2922 3405 2997 nifi
3440 2923 3655 2999 fidem
3690 2949 3924 2999 meam

1015 3041 1218 3117 aliter
1251 3043 1668 3143 probavere,
1707 3047 2051 3145 nusquam
2087 3045 2501 3144 probavere,
2550 3044 2826 3118 dubitet
2863 3043 2955 3119 de
2990 3069 3079 3118 ea
3113 3045 3234 3144 qui
3271 3044 3505 3130 volet3
3557 3069 3721 3118 meo
3759 3070 3921 3120 con-

1011 3173 1251 3236 tentus
1311 3165 1450 3237 vixi
1497 3164 1872 3254 hactenuS,
1935 3178 2009 3239 et
2069 3165 2327 3249 vivam,
2380 3165 2683 3264 plurium
2737 3189 2879 3238 non
2936 3164 3301 3264 indige0.'’
3410 3163 3688 3238 Eodem
3745 3167 3921 3240 recti

1017 3307 1259 3358 amore
1295 3283 1577 3369 ductus,
1617 3285 1707 3359 ab
1745 3285 1934 3359 omni
1971 3286 2244 3383 semper
2283 3285 2601 3358 factione
2654 3284 3009 3360 abstinuit.
3118 3284 3216 3359 Et
3263 3286 3331 3359 in
3383 3287 3583 3361 initio
3631 3288 3920 3386 quidem

1013 3401 1378 3477 turbarum
1432 3404 1761 3492 civilium,
1814 3405 2134 3502 reginam
2176 3405 2456 3478 secutus
2510 3403 2634 3489 est,
2679 3405 2909 3479 donec
2961 3405 3293 3480 abdicato
3343 3432 3566 3506 regno
3621 3408 3921 3507 seipsum

1017 3520 1356 3594 deseruit:
1409 3522 1653 3620 itaque
1691 3521 2158 3612 Dumbarum,
2200 3521 2290 3596 ab
2341 3548 2428 3596 ea
2475 3523 2766 3612 accitus,
2804 3526 3017 3615 venit,
3058 3527 3445 3602 comitante
3479 3525 3762 3602 Joanne
3799 3553 3922 3627 pa·

1015 3651 1176 3712 truo
1228 3638 1674 3729 BlacadariO,
1730 3641 1897 3715 satis
1942 3664 2207 3741 magna
2253 3667 2413 3715 cum
2466 3667 2705 3732 manu,
2746 3656 2817 3719 et
2860 3643 2951 3718 ad
2994 3645 3447 3720 Carberrium
3486 3671 3629 3721 una
3665 3647 3919 3733 adfuit,

1015 3760 1346 3859 quamvis
1381 3758 1599 3835 effent
1636 3786 1724 3834 ex
1761 3759 2049 3835 adversa
2083 3773 2284 3860 parte
2324 3761 2732 3837 Alexander
2768 3762 3077 3840 Humius
3112 3767 3463 3867 princeps,
3494 3778 3567 3840 et
3602 3766 3919 3843 Jacobus

1017 3879 1422 3955 Mortonius
1456 3880 1932 3954 consobrinus.
2039 3880 2172 3967 Ibi,
2209 3907 2371 3956 cum
2406 3907 2495 3956 ex
2534 3882 2833 3958 Davidis
2867 3885 3152 3960 famulis
3187 3886 3477 3986 quidam
3516 3889 3607 3962 ad
3644 3890 3918 3963 fontem

1016 4011 1359 4100 aquatum
1399 3999 1682 4099 longius
1729 3999 1820 4074 ab
1867 4001 2178 4076 exercitu
2214 3989 2654 4102 proceffiffet,
2694 4016 2773 4076 ut
2808 4006 3303 4081 erat-summus
3339 4009 3500 4083 solis
3548 4009 3779 4094 ardor,
3826 4008 3917 4082 ab

1019 4121 1306 4196 adversa
1354 4121 1671 4196 factione
1718 4133 1988 4221 captus,
2041 4138 2112 4196 et
2159 4122 2251 4197 ad
2303 4122 2738 4197 Mortonium
2775 4123 3057 4210 ductus,
3094 4139 3388 4226 rogatus
3424 4129 3581 4229 quis
3618 4141 3691 4203 et
3726 4130 3918 4203 unde

1021 4242 1217 4326 effet,
1260 4240 1378 4315 ubi
1435 4243 1729 4341 aperuit,
1789 4250 1837 4287 “
1889 4242 2114 4329 redi,’'
2165 4243 2418 4343 inquit,
2472 4252 2520 4289 “
2554 4257 2626 4317 et
2676 4243 2848 4318 hero
2884 4260 3033 4334 tu0‚
3077 4271 3238 4321 meo
3276 4248 3587 4334 nomine,
3626 4251 3915 4335 nuncia,

1016 4362 1206 4459 poffe
1263 4347 1427 4437 e'um
1480 4362 1590 4455 vel
1647 4361 1893 4447 solum,
1949 4361 2276 4462 adeoque
2336 4362 2622 4448 debere,
2681 4363 2789 4438 his
2848 4364 3053 4439 malis
3113 4367 3383 4442 mederi
3415 4373 3490 4459 ;”
3546 4369 3683 4444 hoc
3740 4385 3916 4469 puto

1019 4483 1337 4571 innuenS,
1401 4482 1594 4581 quod
1653 4483 1964 4555 maxima
2025 4481 2359 4556 clientum
2419 4508 2633 4558 manu
2705 4485 2981 4560 cinctus
3050 4512 3138 4560 eo
3208 4501 3522 4575 venerat,
3592 4489 3917 4591 illiusque

1019 4601 1316 4674 comites
1347 4601 1498 4675 fere
1550 4601 1674 4674 soli
1725 4601 1850 4675 viri
1901 4601 2237 4676 militares
2289 4604 2553 4703 reginae
2610 4603 2921 4678 adeffent
2958 4605 3161 4706 (nam
3218 4606 3310 4682 fic
3354 4608 3456 4682 est
3489 4609 3915 4709 plerumque

1016 4719 1379 4793 limitanea
1415 4720 1743 4794 nobilitas
1776 4720 1938 4794 viris
1983 4722 2288 4796 maxime
2326 4723 2665 4808 abundat,
2708 4722 3065 4800 Lothiana
3111 4728 3387 4826 opibus,
3428 4731 3661 4830 magis
3697 4755 3917 4830 quam

1014 4839 1200 4927 viris,
1256 4837 1510 4938 pollet)
1565 4840 1800 4914 caeteri
1849 4841 1999 4915 fere
2052 4841 2305 4916 rustica
2352 4856 2472 4916 aut
2522 4842 2817 4929 urbana,
2854 4844 3137 4922 inermis
3172 4861 3243 4922 et
3282 4849 3645 4924 incondita
3682 4852 3914 4925 multi-

1015 4958 1212 5036 tudo,
1320 4958 1574 5058 Itaque
1625 4961 1849 5059 ipsum
1909 4961 1980 5034 in
2042 4986 2129 5036 eo
2189 4962 2500 5037 exercitu
2560 4963 2934 5062 plurimum
2995 4966 3185 5066 pofl'e
3244 4967 3713 5069 fignificabat,
3773 4971 3913 5046 five
3989 5053 3997 5060 ‚
