4575 6042
951 786 1048 863 46
1896 779 2040 856 DE
2098 777 2555 856 FAMILIA
2612 775 2970 854 HUMIA

961 1024 1086 1100 per
1120 1021 1242 1072 eas
1278 997 1621 1097 potentia,
1659 1008 1736 1069 ut
1769 1020 2076 1096 aequare,
2115 1015 2532 1094 quanquam
2587 993 2696 1068 his
2732 990 3178 1067 adminiculis
3228 989 3477 1089 adjuti,
3511 1014 3657 1063 non
3701 989 3863 1088 pos·

955 1122 1132 1194 sent.
1235 1119 1406 1207 ‚Quo
1439 1117 1737 1202 factum,
1775 1129 1852 1190 ut
1889 1139 2049 1190 cum
2079 1115 2168 1189 de
2202 1114 2446 1190 limitis
2481 1113 2841 1189 orientalis
2892 1111 3343 1212 praese6tura,
3384 1136 3471 1185 ac
3504 1111 3861 1185 conventi-

959 1241 1092 1315 bus
1127 1263 1291 1314 cum
1329 1237 1585 1338 Anglis
1611 1261 1842 1312 rerum
1869 1235 2419 1336 repetundarum
2449 1234 2769 1335 agendis,
2802 1233 3181 1307 concilium
3212 1230 3523 1321 iniretur,
3554 1230 3859 1305 maxime

979 1359 1279 1434 idoneus
1311 1359 1496 1433 visus
1530 1357 1654 1443 est,
1701 1358 1814 1434 cui
1851 1383 1940 1432 ea
1975 1381 2145 1433 cura
2199 1357 2776 1432 committeretur.
2882 1353 3137 1452 Itaque
3172 1352 3354 1427 ultro
3388 1351 3757 1437 arcessunt,
3792 1363 3865 1426 et

967 1479 1267 1574 offerunt
1302 1503 1554 1578 prorex
1588 1493 1660 1553 et
1699 1478 2122 1567 Mortonius,
2161 1503 2297 1552 nec
2336 1475 2681 1551 abnuisset
2715 1474 2855 1563 ille,
2896 1487 3134 1549 tamen
3170 1474 3447 1573 sumpta
3480 1473 3689 1548 unius
3722 1472 3862 1547 diei

966 1627 1165 1675 mora
1201 1599 1290 1674 ad
1343 1599 1898 1689 deliberandum,
1939 1611 2016 1672 ut
2049 1598 2225 1674 nihil
2275 1597 2783 1699 praecipitaret.·
2885 1595 3101 1670 Hanc
3153 1593 3596 1669 occafionem
3644 1594 3865 1679 nacti,

967 1749 1149 1822 quos
1183 1722 1508 1807 diximus,
1543 1745 1847 1821 protege
1897 1721 2335 1794 mentiuntur
2380 1743 2547 1793 eum
2588 1715 2978 1792 Alexandri
3032 1714 3364 1815 principis
3404 1714 3865 1800 voluntatem,

968 1843 1169 1942 cujus
1203 1869 1293 1917 ea
1325 1841 1729 1941 procuratio
1764 1842 2018 1930 suerat,
2060 1838 2445 1940 expetiisse.
2554 1838 2773 1925 Quod
2810 1862 2972 1912 cum
3009 1836 3123 1911 ille
3176 1835 3517 1920 crederet,
3565 1836 3869 1910 irritatus

975 1964 1471 2039 Coldincnolio
1507 1963 2012 2062 praesetSturum
2049 1961 2198 2036 dat.
2310 1959 2926 2035 Wedderburnius
2962 1984 3053 2034 ea
3099 1958 3527 2058 indignitate
3563 1981 3869 2034 commo⁶

969 2100 1103 2174 tuS,
1144 2098 1218 2160 et
1248 2084 1554 2159 ludibrio
1593 2086 1662 2158 se
1697 2083 1944 2157 haberi
1979 2081 2288 2182 questuS,
2329 2081 2619 2156 domum
2650 2081 2743 2170 se,
2784 2079 3111 2155 omnibus
3144 2079 3404 2179 pariter
3436 2078 3679 2164 iratus,
3708 2103 3869 2153 con-

971 2207 1154 2280 tulit.
1261 2203 1424 2280 Nec
1459 2205 1642 2279 ultra
1677 2216 1916 2278 tamen
1954 2203 2189 2279 ulcisci
2219 2227 2533 2302 unquam
2570 2215 2869 2276 conatus
2894 2201 3021 2287 est,
3048 2199 3174 2274 nifi
3200 2200 3391 2300 quod
3428 2201 3868 2299 praefe6tum,

970 2354 1098 2428 pro
1133 2327 1368 2402 officio
1403 2327 1786 2425 quicquam
1822 2337 2181 2424 agentem,
2221 2325 2609 2422 agnoscere
2638 2347 3004 2422 nunquam
3036 2322 3371 2422 dignatus
3405 2321 3531 2406 est,
3558 2347 3695 2396 nec
3728 2322 3871 2422 ipse

973 2446 1066 2520 ad
1101 2457 1487 2520 conventus
1521 2445 1641 2533 ire,
1680 2470 1815 2519 nec
1861 2446 2143 2519 suorum
2181 2443 2401 2518 ullum
2441 2441 2751 2540 permisit
2802 2442 3218 2541 obsequium
3253 2443 3319 2517 ei
3357 2453 3480 2517 aut
3533 2441 3872 2516 honorem

972 2566 1330 2642 exhibere.
1441 2564 1519 2641 Si
1555 2566 1724 2664 quid
1767 2565 2049 2664 Anglus
2085 2564 2465 2664 quisquam
2498 2564 2589 2637 de
2626 2562 2839 2663 ipfius
2866 2562 3243 2638 clientibus
3270 2575 3699 2663 quereretur,
3730 2565 3873 2663 ipse

975 2685 1450 2788 cognoscebat
1487 2710 1572 2760 ac
1617 2687 1737 2784 jus
1772 2684 2126 2785 capiebat.
2237 2685 2315 2760 Si
2352 2683 2524 2784 quid
2576 2683 2668 2758 ab
2725 2682 2981 2784 Anglis
3015 2683 3478 2782 repetendum
3530 2695 3705 2768 erat,
3742 2684 3872 2782 pri·

973 2809 1189 2883 vatim
1227 2806 1618 2905 repetebat,
1655 2819 1726 2881 et
1761 2806 2087 2906 privatim
2122 2806 2218 2879 illi
2255 2803 2695 2890 reddebant3
2733 2817 2991 2878 caetera
3028 2829 3235 2904 aequo
3284 2804 3519 2878 animo
3554 2803 3739 2879 hanc
3772 2806 3873 2878 iu·

968 2929 1251 3028 juriam,
1287 2928 1489 3026 cujus
1528 2927 1929 3002 Mortonius
1954 2950 2119 3026 pars
2145 2926 2401 3013 fuerat,
2433 2925 2618 2998 tulit.
2727 2923 3035 2999 Gravius
3062 2925 3372 2999 animum
3397 2925 3654 3012 affecit,
3682 2926 3874 3026 quod

975 3075 1102 3150 pro
1143 3048 1506 3124 Gulielmo
1547 3046 1763 3133 Cam,
1799 3073 1840 3122 e
1877 3049 2108 3121 sorore
2140 3057 2428 3146 nepote,
2466 3045 2656 3143 apud
2692 3043 3001 3120 eundem
3040 3045 3503 3133 Mortonium,
3528 3046 3683 3144 jam
3720 3072 3873 3147 pro·

975 3195 1244 3270 regem,
1279 3169 1723 3244 intercedens
1751 3168 1922 3241 nihil
1958 3167 2365 3267 profecerit.
2475 3165 2653 3242 Erat
2680 3166 2799 3240 ille
2832 3165 3063 3241 Carus
3096 3167 3337 3266 magni
3375 3167 3590 3241 animi
3626 3180 3697 3242 et
3732 3169 3874 3268 spei

969 3294 1272 3392 juvenis,
1314 3292 1524 3366 rebus
1559 3290 1859 3390 agendis
1911 3313 2208 3389 gnavuS,
2245 3298 2319 3362 et
2361 3289 2768 3373 acerrimuS,
2804 3298 2877 3362 et
2911 3288 3115 3386 patrii
3152 3289 3388 3374 moris,
3426 3301 3498 3362 et
3530 3288 3876 3363 limitane-

981 3439 1176 3486 arum
1215 3437 1447 3488 rerum
1485 3435 1746 3511 gnarus
1779 3409 1830 3484 fi
1866 3409 2259 3509 quisquam.
2368 3407 2466 3482 Et
2501 3433 2663 3482 cum
2716 3433 2809 3482 ex
2848 3407 3286 3483 Farnihestia
3331 3409 3599 3483 familia
3646 3410 3875 3484 oriun-

979 3535 1112 3608 dus
1164 3533 1356 3620 effet,
1399 3545 1638 3606 tamen
1677 3529 2084 3630 Duglaffiis,
2125 3530 2216 3602 ad
2268 3554 2449 3629 quos
2502 3540 2897 3603 maternum
2937 3555 3166 3628 genus
3220 3529 3593 3619 referebat,
3650 3544 3721 3604 et-
3758 3531 3878 3604 sua

981 3656 1248 3752 sponte,
1290 3667 1362 3727 et
1401 3653 1642 3727 matris
1678 3648 1979 3724 concilio
2015 3647 2366 3738 addifitus,
2408 3649 2660 3724 reliEto
2699 3647 3136 3724 Farniheflio
3190 3650 3282 3724 ad
3321 3650 3759 3726 Mortonium
3809 3652 3879 3726 se

981 3773 1405 3856 contulerat,
1441 3784 1512 3846 et
1546 3771 1760 3846 fidem
1793 3772 1987 3845 suam
2025 3795 2110 3845 ac
2145 3795 2436 3870 operam
2472 3771 2680 3869 saepe,
2717 3771 2925 3844 variis
2976 3771 3479 3861 occasionibus,
3518 3772 3874 3872 probarat,

987 3919 1072 3969 ac
1107 3893 1298 3994 apud
1337 3917 1500 3967 eum
1537 3892 1608 3966 in
1642 3892 1807 3966 satis
1842 3915 2105 3991 magna
2140 3893 2374 3991 gratia
2408 3902 2584 3965 erat.
2692 3889 2762 3965 ls
2797 3916 2959 3965 cum
2996 3891 3379 3990 aliquando
3406 3893 3702 3978 otiandi,
3737 3909 3807 3968 et
3836 3920 3877 3968 a

985 4016 1150 4092 belli
1186 4013 1550 4089 laboribus
1605 4011 1971 4088 recreandi
2008 4014 2078 4087 se
2131 4014 2344 4087 causa
2398 4010 2691 4085 domum
2746 4011 3136 4097 receffiffet,
3178 4011 3424 4112 [sorte]
3483 4013 3737 4088 eodem
3778 4014 3878 4088 di-

982 4148 1287 4213 verterat
1309 4135 1354 4210 J
1357 4158 1625 4211 oannes
1651 4133 2098 4232 Moscropius
2115 4131 2648 4232 jurisconsultus
2675 4144 3011 4232 paternus
3036 4131 3206 4205 dum
3233 4157 3371 4232 pax
3400 4146 3574 4208 erat.
3639 4132 3879 4209 Causi-

986 4261 1185 4335 dicus
1220 4258 1302 4342 is,
1340 4256 1528 4332 bello
1565 4266 1832 4343 coort0,
1873 4266 1944 4328 et
1981 4253 2213 4354 pulfiS,
2250 4266 2374 4328 aut
2410 4255 2654 4354 sponte
2693 4253 2865 4328 urbe
2895 4252 3309 4328 cedentibus
3344 4255 3578 4354 regiis,
3618 4279 3705 4330 ac
3744 4255 3879 4330 Le·

991 4381 1189 4455 tham
1223 4380 1296 4453 se
1331 4375 1879 4465 conferentibuS,
1919 4376 2040 4475 qui
2079 4399 2321 4449 eorum
2347 4373 2665 4474 partibus
2698 4372 3077 4459 studerent,
3113 4375 3193 4463 is,
3221 4375 3534 4473 inquam,
3570 4375 3881 4451 Moscro-

990 4503 1149 4600 pius
1184 4500 1464 4574 reiculae
1500 4498 1732 4597 magis
1766 4495 2143 4584 servandae,
2184 4519 2402 4595 quam
2436 4495 2581 4570 ullo
2624 4494 2928 4595 partium
2963 4492 3215 4584 studio,
3256 4505 3330 4568 ut
3366 4496 3489 4595 qui
3524 4521 3657 4573 nec
3694 4497 3878 4572 bello

991 4620 1310 4708 idoneus,
1349 4643 1484 4693 nec
1519 4617 1819 4693 concilio
1876 4627 2264 4717 promptus,
2300 4613 2511 4690 rebus
2546 4617 2617 4689 se
2652 4638 3111 4714 nequaquam
3165 4615 3621 4706 immiscebat,
3665 4615 3879 4692 Edini

998 4738 1422 4816 substiterat.
1529 4735 1766 4826 Hunc,
1805 4736 1979 4811 nihil
2005 4735 2172 4810 mali
2210 4736 2618 4835 suspicatus,
2656 4747 2728 4810 et
2763 4739 2887 4811 sua
2920 4734 3109 4835 apud
3152 4734 3586 4811 Mortonium
3625 4739 3877 4837 gratia,

989 4877 1062 4936 et
1099 4885 1258 4935 cum
1295 4858 1770 4959 Jedburgenis
1813 4857 2319 4932 consuetudine
2354 4857 2674 4946 confisus,
2712 4855 2763 4930 fi
2800 4856 2971 4956 quid
3023 4857 3302 4930 offensae
3356 4858 3427 4930 in
3482 4883 3571 4933 eo
3622 4858 3873 4948 suiffet,

989 4979 1407 5059 dissimulare
1441 4979 1514 5054 id
1547 4977 1762 5078 posse,
1795 5004 1938 5079 quo
1975 4990 2214 5054 tamen
2249 4976 2445 5053 haud
2480 4977 2819 5053 offensum
2856 4976 2938 5052 iri
2972 5000 3379 5077 quenquam
3415 4980 3606 5080 apud
3640 4982 3711 5056 se
3746 4979 3880 5057 sta·
