4575 6042
1655 827 2709 908 WEDDERBURNENSI.
3547 831 3643 914 67
3770 931 3775 936 ⁸

733 1077 1023 1153 quoque
1058 1051 1376 1126 nonnihil
1414 1048 1504 1150 (fi
1537 1051 1736 1126 reste
1771 1052 2097 1150 memini)
2135 1052 2531 1143 moluerat;
2572 1075 2793 1153 quare
2830 1077 3090 1152 aquam
3114 1051 3278 1126 inde
3306 1063 3644 1139 avertere,

730 1198 1160 1274 quocunque
1182 1172 1396 1247 modo
1419 1171 1824 1262 deductam,
1857 1198 1981 1272 per
2006 1173 2208 1273 leges
2233 1175 2344 1248 fas
2370 1199 2512 1248 non
2542 1185 2715 1248 erat.
2774 1173 3175 1248 Habitabat
3199 1174 3407 1273 juxta
3436 1174 3475 1248 J
3484 1201 3645 1250 aco-

731 1294 862 1368 bus
904 1293 1136 1369 Craus
1175 1291 1708 1393 GunfigrineuS,
1749 1305 1820 1367 et
1855 1293 2118 1367 molam
2153 1293 2369 1393 paulo
2396 1294 2688 1369 inferius
2713 1293 3006 1393 pofitam
3035 1293 3374 1379 habebat,
3404 1295 3517 1368 cui
3545 1297 3644 1368 in-

731 1415 1183 1489 commodare
1206 1413 1398 1487 illam
1431 1413 1734 1514 Georgii
1769 1413 1921 1487 sero
1944 1414 2371 1514 perspiciens
2396 1415 2637 1488 riserat
2671 1415 3058 1514 incoeptum
3094 1439 3274 1514 opus
3298 1443 3317 1501 ;
3344 1415 3640 1514 lapidea,

734 1535 1169 1634 cespitesque
1205 1534 1327 1634 qui
1368 1532 1666 1634 Georgii
1703 1533 2240 1633 aquae-ductum
2279 1535 2725 1624 coercebant,
2780 1546 2851 1610 et
2899 1560 3162 1634 aquam
3196 1560 3289 1610 ne
3326 1537 3642 1612 efflueret

734 1655 1214 1744 continebant,
1269 1655 1493 1729 noctu
1536 1653 1828 1728 amovit.
1940 1652 2022 1727 Id
2057 1665 2296 1728 tamen
2332 1653 2523 1728 haud
2562 1653 2743 1729 adeo
2780 1654 2962 1729 clam
2998 1655 3194 1739 fecit,
3232 1655 3403 1755 quin
3451 1655 3650 1730 inno-

734 1777 1053 1862 tesceret,
1082 1787 1154 1850 et
1177 1776 1316 1865 ille,
1349 1775 1448 1850 rei
1479 1775 1750 1864 auctor,
1778 1775 2092 1849 omnium
2117 1774 2553 1850 sermonibus
2574 1773 3074 1874 designaretur,
3108 1787 3185 1848 ut
3211 1777 3413 1875 cujus
3435 1775 3645 1850 solius

732 1897 805 1971 id
838 1895 1214 1972 intereffet.
1323 1896 1689 1997 Arrogans
1724 1896 1797 1970 id
1830 1895 2104 1971 factum
2139 1895 2360 1970 visum
2398 1895 2519 1980 est,
2561 1909 2633 1970 et
2658 1895 2797 1971 hoc
2834 1922 2997 1972 eum
3026 1897 3288 1972 audere
3317 1897 3641 1998 indigna-

733 2017 960 2108 batur,
1002 2029 1074 2103 et
1111 2017 1202 2092 ad
1237 2017 1503 2091 famam
1540 2017 1891 2116 pertinere
1918 2042 2010 2092 ne
2037 2016 2340 2091 inultum
2366 2017 2571 2107 foret,
2602 2017 2937 2117 precipue
2973 2018 3044 2093 in
3091 2019 3329 2103 initiis,
3366 2018 3643 2093 scitum-

734 2164 873 2239 que
909 2137 1103 2228 illud,
1144 2138 1266 2237 qui
1302 2137 1630 2238 injuriam
1665 2137 1932 2212 illatam
1969 2137 2296 2238 negligit,
2331 2163 2590 2213 novam
2626 2149 2989 2238 provocat.
3095 2138 3193 2213 Et
3248 2152 3471 2225 erant,
3519 2142 3643 2240 qui

727 2259 818 2333 ad
853 2258 1122 2334 caedem
1158 2258 1592 2359 instigarent,
1632 2257 1829 2358 quafi
1862 2258 2057 2333 nulla
2091 2257 2234 2332 ulla
2271 2258 2413 2333 alia
2439 2259 2603 2334 satis
2639 2259 2859 2361 digna
2892 2285 3107 2360 poena
3159 2261 3372 2353 effet3
3428 2263 3645 2362 longe

734 2379 832 2453 illi
859 2381 918 2454 is
945 2380 1244 2465 animuS,
1274 2393 1351 2453 ut
1378 2379 1607 2452 omnis
1634 2380 1906 2478 semper
1932 2379 2194 2470 saevitia
2231 2389 2303 2453 et
2340 2379 2745 2455 crudelitaS.
2852 2379 3051 2481 Ergo
3087 2393 3165 2455 ut
3200 2395 3271 2456 et
3305 2383 3646 2457 honorem

735 2502 934 2574 suum
994 2511 1377 2599 repararet,
1415 2511 1486 2573 et
1541 2499 1843 2574 hominis
1889 2499 2094 2574 saluti
2131 2500 2550 2585 consuleret,
2585 2501 2800 2575 mittit
2848 2527 3009 2575 cum
3063 2502 3342 2578 selectis
3395 2504 3646 2603 equiti-

735 2623 870 2697 bus
916 2620 1319 2696 Johannem
1366 2633 1719 2720 patruum,
1771 2621 1894 2720 qui
1947 2646 2113 2695 eum
2159 2621 2231 2694 in
2285 2646 2483 2720 agro,
2535 2646 2662 2720 per
2697 2647 2911 2721 quem
2946 2623 3080 2696 iter
3114 2623 3434 2698 facturus
3469 2637 3642 2714 erat,

736 2743 1206 2842 interciperet,
1240 2753 1312 2816 et
1338 2741 1432 2816 ad
1455 2743 1524 2818 se
1560 2741 1876 2816 duceret.
1956 2739 2102 2816 Sed
2130 2740 2300 2841 quia
2329 2742 2411 2826 is,
2442 2741 2559 2842 (ut
2586 2743 2789 2842 cujus
2814 2767 2925 2816 res
2954 2741 3324 2842 agebatur,
3357 2744 3421 2817 ei
3459 2745 3648 2819 enim

737 2863 1000 2938 molam
1052 2861 1434 2937 liberaliter
1492 2861 1884 2958 conceffit,)
1945 2860 2136 2936 Crao
2192 2874 2343 2936 erat
2395 2861 2743 2951 infensior,
2796 2873 2867 2936 et
2919 2863 3207 2963 ingenio
3255 2863 3648 2950 violentior,

737 2985 996 3060 veritus
1016 3009 1108 3058 ne
1136 2983 1305 3083 quid
1335 2981 1576 3058 durius
1598 2983 1667 3056 in
1697 2982 1823 3057 viri
1850 2983 2068 3056 vitam
2096 2982 2511 3072 consuleret,
2538 2982 2752 3056 mittit
2778 3009 2922 3056 una
2952 2981 3306 3058 Davidem
3332 2985 3647 3070 fratrem,

739 3106 859 3206 qui
896 3106 1050 3204 ejus
1091 3105 1414 3204 inceptus
1449 3102 1978 3194 moderaretur3
2033 3103 2178 3203 ipse
2207 3103 2573 3204 Aytonum
2608 3103 2680 3176 in
2716 3128 2953 3178 arcem
2989 3103 3274 3194 secedit,
3314 3117 3413 3192 ut,
3452 3103 3500 3178 fi
3535 3129 3649 3179 res

737 3227 1142 3328 postularet,
1193 3227 1264 3298 in
1316 3237 1635 3325 tempore
1685 3223 1972 3299 adeffet.
2080 3223 2178 3299 Et
2213 3225 2311 3298 illi
2346 3224 2705 3300 hominem
2743 3225 2812 3298 in
2860 3251 3033 3326 agro
3071 3226 3475 3325 conspicati,
3514 3228 3648 3302 fes-

739 3349 966 3422 tinant
1017 3346 1328 3446 quidem,
1385 3358 1648 3435 tamen,
1707 3357 2093 3444 antequam
2147 3344 2413 3445 affequi
2467 3344 2760 3445 possent,
2801 3346 2873 3418 in
2909 3345 3199 3420 domum
3239 3345 3646 3447 Bastonrig-

741 3469 934 3568 giam
988 3469 1058 3542 se
1111 3466 1418 3565 conjicit,
1476 3476 1569 3556 et,
1624 3465 1894 3541 foribus
1947 3465 2276 3566 objectiS,
2333 3464 2719 3540 defendere
2770 3466 2843 3540 se
2878 3465 3203 3566 parabat.
3328 3466 3646 3543 Joannes

742 3600 987 3663 contra
1021 3587 1274 3662 ostium
1309 3586 1756 3672 moliebatur,
1792 3597 1864 3661 et
1901 3611 1990 3660 ex
2025 3587 2248 3661 altera
2284 3599 2487 3686 parte
2520 3587 2943 3662 retinentem
2994 3586 3325 3663 machina
3358 3590 3651 3688 parvula

740 3711 1064 3810 trajicere
1097 3707 1459 3796 statuerat,
1497 3706 1623 3782 nifi
1658 3734 1701 3782 a
1741 3705 2024 3782 Davide
2060 3705 2412 3782 cohibitus
2447 3707 2697 3797 fuifl'et,
2739 3707 2862 3807 qui
2896 3695 3301 3783 machinam
3347 3735 3388 3784 e
3432 3735 3651 3785 manu

741 3829 1050 3906 excuflit.
1158 3828 1513 3915 Tandem,
1548 3829 1764 3903 vitam
1800 3828 2302 3903 tantummodo
2336 3828 2616 3927 paetuS,
2658 3826 2918 3904 Davidi
2955 3829 3027 3903 se
3055 3828 3271 3920 dedit,
3315 3855 3400 3905 ac
3434 3830 3525 3906 ab
3562 3858 3649 3906 eo

743 3952 835 4027 ad
874 3952 1162 4026 fratrem
1215 3949 1588 4024 incolumis
1640 3948 2029 4049 perductus
2081 3949 2206 4023 est..
2318 3948 2400 4024 Id
2450 3949 2675 4023 solum
2708 3975 2895 4049 pene
2934 3951 3295 4036 exactum,
3336 3963 3412 4025 ut
3468 3978 3649 4052 quos

745 4083 1125 4162 amoverat,
1165 4071 1482 4171 lapidum
1518 4095 1737 4144 unum
1775 4083 1896 4145 aut
1933 4070 2230 4146 alterum
2261 4070 2404 4163 *sua
2454 4095 2670 4145 manu
2730 4083 3154 4171 reponeret3
3211 4097 3354 4171 quo
3416 4072 3639 4162 fao'w,

744 4224 904 4274 cum
940 4195 1412 4298 spopondiffet
1446 4198 1518 4271 se
1552 4196 1820 4271 nullam
1855 4197 1926 4269 in
1961 4196 2319 4296 posterum
2353 4221 2627 4271 moram
2660 4197 2867 4272 molae
2918 4197 3297 4286 facturum,
3338 4195 3647 4272 dimifl'us

744 4321 864 4409 est,
915 4320 1054 4394 hoc
1105 4343 1325 4392 unum
1377 4317 1738 4403 dictitanS,
1789 4316 2061 4392 nullum
2108 4317 2179 4392 se
2233 4341 2548 4417 unquam
2599 4328 2747 4392 tam
2798 4341 3016 4418 grave
3063 4341 3243 4391 onus
3286 4316 3644 4393 sustuliffe.

746 4440 882 4516 His
918 4453 990 4516 et
1023 4439 1359 4514 similibus
1393 4463 1557 4514 cum
1592 4438 1982 4513 auctoritas
2018 4437 2357 4523 crevifl‘et,
2394 4439 2809 4538 equitasque
2844 4450 2919 4513 et
2966 4438 3360 4512 moderatio
3400 4439 3646 4514 invidi-

743 4589 857 4638 am
910 4559 1294 4646 amoviffet,
1349 4558 1620 4634 addidit
1665 4574 2009 4659 praeterea
2066 4558 2565 4634 Girnelaenses
2619 4558 3005 4652 clientelaS‚
3062 4558 3437 4635 conductis
3491 4561 3646 4660 ejus

739 4687 875 4760 vici
928 4684 1244 4768 decimiS,
1296 4707 1474 4782 quas
1520 4682 1774 4756 iterum
1826 4681 2096 4756 colonis
2149 4681 2478 4768 elocavit,
2529 4679 2783 4756 eodem
2834 4705 3019 4781 pene
3055 4681 3283 4781 pretio
3318 4708 3462 4782 quo
3503 4683 3649 4782 ipse

747 4805 1205 4888 conduxerat,
1241 4815 1318 4876 ut
1355 4803 1446 4877 ad
1494 4826 1679 4891 eum,
1726 4813 1980 4902 praeter
2013 4801 2455 4877 liberalitatis
2490 4802 2777 4892 famam,
2811 4813 2882 4877 et
2916 4801 3306 4877 incolarum
3341 4801 3645 4877 benevo-

743 4927 1056 5015 lentiam,
1095 4923 1265 4998 nihil
1303 4923 1686 4998 accreverit
1715 4950 1736 5012 3
1792 4947 1936 5022 quo
1970 4923 2266 5013 factum,
2308 4937 2386 4997 ut
2421 4922 2504 4996 iis
2540 4921 2633 4996 ad
2668 4946 2879 4996 omne
2913 4921 3328 5021 obsequium
3364 4947 3643 5022 promp-

739 5044 1004 5121 tiflimis
1057 5056 1392 5131 uteretur,
1445 5042 1709 5144 quippe
1757 5043 2045 5120 absente
2096 5069 2222 5144 per
2271 5027 2580 5125 minores
2632 5067 2857 5119 annos
2912 5043 3321 5120 Alexandro
3377 5041 3645 5117 Humio
