4575 6042
1574 789 2636 902 wEDDERBURNENsr.
3461 807 3559 884 49

653 1003 961 1104 pethius,
999 1003 1285 1104 aliique,
1327 1013 1402 1078 et
1434 1001 1712 1078 nobiles
1761 1001 2105 1102 quosdam
2145 1003 2540 1080 Lothianos
2591 1004 2661 1079 in
2706 1017 2943 1107 partes
2978 1005 3136 1081 suas
3171 1016 3551 1096 traxerunt,

660 1122 1165 1209 Ormistonum‚
1195 1123 1760 1215 Clerkintonum,
1798 1122 2369 1212 Colstontonum,
2398 1125 2839 1212 Binstonum,
2862 1137 2943 1200 ut
2972 1125 3271 1202 Davidis
3306 1126 3554 1202 autho-

653 1245 934 1321 ritatem
970 1243 1227 1345 quibus
1261 1243 1533 1345 pofl'ent
1570 1243 1840 1320 artibus
1873 1245 2296 1322 minuerent.
2403 1245 2836 1332 Accesserat,
2873 1257 2997 1322 aut
3049 1247 3303 1323 auctor
3338 1248 3556 1324 etiam

652 1366 886 1442 fuerat
926 1362 1333 1441 Alexander
1383 1363 1954 1453 Manderstonus,
2012 1390 2228 1465 quem
2262 1365 2567 1442 diximus
2602 1367 2673 1442 in
2710 1392 2977 1467 magna
3012 1369 3203 1469 apud
3242 1367 3555 1444 Alexan-

653 1485 858 1561 drum
910 1485 1298 1587 principem
1348 1486 1603 1586 gratia,
1645 1498 1717 1560 et
1771 1485 2062 1560 familiae
2121 1487 2533 1587 praefec’cus,
2570 1498 2643 1563 et
2695 1488 3061 1563 actionum
3114 1489 3181 1564 ei
3239 1489 3555 1565 omnium

654 1607 908 1685 auetor
941 1617 1014 1682 et
1047 1605 1472 1697 moderator,
1513 1605 1695 1681 adeo
1732 1616 1810 1680 ut
1845 1606 1938 1680 ab
1967 1631 2056 1680 eo
2107 1607 2453 1707 penderet
2495 1619 2707 1698 totus,
2748 1619 2817 1683 et
2855 1608 3151 1686 clientes
3186 1610 3339 1709 ejus
3391 1634 3556 1686 eum

652 1754 780 1829 pro
816 1727 1103 1803 domino
1141 1727 1621 1826 sequerentur.
1726 1725 2039 1824 Nigrum
2079 1726 2219 1804 hoc
2251 1727 2489 1805 foedus
2542 1728 2759 1829 vulgo
2794 1728 3207 1806 vocabatur.
3315 1729 3555 1805 Etiam

656 1864 898 1950 aperta
934 1874 1046 1923 res
1082 1859 1254 1938 erat,
1294 1860 1372 1922 ut
1409 1848 1480 1922 in
1515 1847 1818 1922 limitum
1842 1847 2164 1947 juridicis
2200 1848 2667 1925 conventibus
2702 1874 2936 1925 rerum
2977 1850 3552 1950 repetundarum,

652 1969 836 2057 hinc,
876 1968 1088 2058 illinc,
1128 1967 1325 2069 quafi
1361 1967 1698 2068 oppofitae
1733 1967 1924 2044 acies
1969 1967 2254 2044 starent.
2351 1966 2927 2046 Wedderburnio
2964 1970 3263 2046 aderant
3301 1970 3556 2047 Blaca-

653 2090 910 2181 darius,
952 2101 1024 2164 et
1065 2088 1622 2165 Goldencnolius
1659 2089 1820 2174 uni3
1875 2089 2112 2164 caeteri
2149 2090 2589 2190 spectatores
2622 2101 2698 2166 et
2747 2104 3041 2168 neutros
3076 2094 3145 2168 se
3180 2092 3552 2194 gerebant.

657 2211 822 2286 Hoc
856 2234 1020 2286 cum
1055 2211 1338 2311 pluries,
1379 2209 1746 2310 spectante
1779 2221 2084 2311 utraque
2131 2209 2445 2299 natione,
2484 2211 2762 2288 fafflzum
2796 2211 3051 2303 fuisset,
3092 2213 3406 2313 quodam
3438 2211 3555 2290 die

655 2357 816 2407 cum
851 2331 1140 2407 domum
1176 2329 1503 2420 redirent,
1545 2343 1616 2406 et
1651 2331 1832 2406 inter
1867 2345 2162 2406 caeteros
2201 2331 2751 2406 Manderstonus
2777 2330 2969 2422 esset,
3006 2331 3355 2433 indignati
3382 2358 3553 2409 non-

653 2452 826 2528 nulli
866 2450 1437 2527 Wedderburnio
1470 2450 1788 2541 suadere,
1827 2476 1920 2525 ne
1953 2451 2463 2527 foederatorum
2499 2452 2979 2552 arrogantiam
3007 2451 3274 2528 diutius
3298 2454 3555 2540 ferret;

656 2572 771 2648 ille
805 2584 1072 2662 contra,
1111 2597 1246 2647 nec
1285 2571 1752 2646 Blacadarius
1800 2571 2054 2661 minus
2093 2597 2361 2673 negare
2397 2574 2467 2647 se
2504 2573 2629 2646 suo
2664 2573 3009 2673 sanguine
3063 2599 3317 2649 manus
3368 2599 3559 2650 com-

651 2693 1176 2784 maculaturos;
1213 2693 1448 2768 furere
1483 2716 1650 2767 eum
1685 2716 1876 2766 nunc
1899 2692 2263 2793 juvenem,
2289 2693 2607 2767 futurum
2634 2705 2712 2767 ut
2746 2693 2975 2768 senior
3002 2695 3233 2795 magis
3258 2696 3554 2796 saperet,

653 2827 726 2892 et
759 2839 1067 2891 errorem
1104 2814 1535 2915 agniturum.
1644 2812 2007 2914 Quicquid
2055 2823 2297 2888 autem
2332 2813 2545 2888 fuerit
2597 2813 2791 2913 quod
2844 2813 3047 2889 fatuo
3100 2813 3239 2890 hoc
3287 2813 3559 2891 foedere

653 2934 1261 3025 machinabantur,
1305 2958 1522 3007 unum
1575 2933 2073 3008 tantummodo
2109 2933 2264 3033 ejus
2300 2932 2634 3008 effeetum
2688 2932 2826 3010 hoc
2859 2933 3146 3035 prodiit.
3256 2934 3423 3012 Sive
3458 2936 3559 3040 ill-i

652 3058 1008 3134 Joannem
1050 3055 1417 3131 Stuartum
1457 3053 2032 3155 Coldinghamiae
2085 3052 2686 3139 coenobiarcham,
2720 3051 2861 3128 five
2896 3053 3051 3153 ejus
3085 3079 3262 3130 uxor
3292 3055 3451 3134 illos
3485 3057 3557 3132 in

651 3192 890 3281 partes
941 3177 1177 3262 traxit,
1233 3175 1462 3251 Kellae
1515 3172 1857 3261 decimas,
1917 3172 2648 3249 Wedderburniorum
2706 3184 3022 3249 veterem
3074 3174 3557 3276 pofl'effionem

654 3298 912 3376 auferri
971 3296 1266 3385 Davidi,
1323 3298 1442 3374 sed
1499 3297 1694 3372 irrito
1751 3307 2036 3384 conatu,
2090 3295 2234 3370 nixi
2288 3297 2473 3370 sunt.
2580 3293 2882 3370 Constat
2922 3294 3358 3383 Steuartum,
3408 3322 3555 3374 rem
3689 3299 3695 3308 ’

655 3418 1166 3510 abominatum,
1206 3435 1301 3506 et,
1339 3432 1417 3494 ut
1452 3430 1605 3495 erat
1637 3417 1790 3491 miti
1826 3415 2138 3517 ingeni0,
2169 3428 2244 3492 et
2278 3416 2402 3516 qui
2426 3440 2674 3490 omnes
2699 3417 3080 3518 provinciae
3105 3417 3401 3507 nobiles,
3432 3418 3558 3493 im-

655 3540 896 3640 primis
936 3539 1314 3629 Davidem,
1352 3540 1623 3614 summa
1657 3536 2137 3613 familiaritate
2174 3535 2812 3636 complectabatur,
2851 3535 3305 3638 vicifl'emque
3340 3537 3432 3614 ab
3468 3565 3555 3615 eo

654 3674 934 3738 amatus
967 3673 1041 3736 et
1075 3659 1306 3735 cultus
1341 3658 1534 3749 efl'et,
1564 3683 1728 3734 cum
1754 3658 2088 3734 inducere
2114 3658 2189 3732 in
2217 3659 2530 3733 animum
2558 3681 2702 3731 non
2730 3655 2955 3758 pofl'et
2982 3681 3147 3732 eum
3173 3658 3554 3750 offendere,

654 3807 788 3858 nec
821 3782 1060 3858 uxoris
1082 3780 1686 3881 importunitatem
1721 3779 1960 3865 ferret,
1983 3779 2359 3880 pertaesum
2391 3777 2493 3853 rei
2530 3777 2624 3852 ad
2659 3777 2704 3853 J
2710 3776 3019 3853 acobum
3052 3778 3370 3869 fratrem,
3410 3792 3558 3855 tum

652 3925 1053 4004 protegem,
1105 3902 1226 4002 qui
1281 3899 1800 4001 profectionem
1851 3899 1922 3974 iu
1959 3897 2543 4000 septentrionales
2592 3898 2795 3999 regni
2847 3909 3087 3998 partes
3139 3898 3557 3986 adornabat,

654 4022 919 4114 abiifl'e,
959 4046 1191 4124 eoque
1226 4032 1578 4122 praetextu
1633 4021 1704 4095 se
1758 4020 1858 4096 rei
1913 4018 2250 4121 gerendae
2304 4017 2726 4094 subduxisse.
2834 4018 2949 4094 Eo
3010 4018 3323 4110 absente,
3384 4045 3559 4096 uxor

651 4147 792 4220 suae
825 4144 1162 4220 factionis
1196 4142 1545 4228 homines,
1578 4139 1760 4216 stato
1795 4140 1936 4226 die,
1975 4139 2210 4216 adefl'e
2248 4139 2481 4241 jubet,
2520 4150 2593 4213 et
2628 4138 2941 4239 plaustra
2968 4164 3053 4214 ac
3088 4138 3354 4226 trahas,
3390 4141 3557 4217 alia-

650 4291 792 4366 que
829 4263 1357 4365 comportandis
1406 4259 1732 4364 frugibus
1785 4275 1952 4362 apta
2007 4261 2471 4336 instrumenta
2520 4258 2921 4346 adducere3
2978 4256 3174 4360 quod
3210 4271 3281 4334 et
3316 4260 3557 4337 sedulo

648 4387 950 4463 fafitum.
983 4423 988 4428 ·
1058 4386 1328 4460 Verum
1369 4382 2004 4473 WedderburniuS,
2035 4407 2197 4458 cum
2225 4381 2473 4458 amicis
2500 4405 2683 4481 quos
2710 4379 3040 4466 diximus,
3069 4380 3396 4458 collefilzis
3432 4383 3558 4456 cir-

651 4510 824 4584 citer
851 4506 1261 4608 quingentis
1295 4503 1679 4606 equitibuS,
1714 4515 2021 4604 occupat
2057 4503 2127 4578 in
2165 4527 2417 4602 agrum
2444 4503 2708 4592 venire,
2748 4514 2822 4576 et
2856 4500 3408 4577 adversariorum
3443 4528 3560 4578 co·

651 4644 902 4708 euntes
936 4642 1224 4718 turmas,
1271 4641 1656 4727 antequam
1693 4625 1764 4699 in
1801 4649 2020 4700 unum
2055 4623 2421 4710 venissent,
2473 4620 2771 4724 diffipat‚
2810 4621 3121 4724 plaustra
3159 4621 3393 4714 caedit,
3444 4624 3559 4723 ju·

651 4763 890 4828 menta
925 4749 1146 4841 solvit,
1199 4773 1285 4823 ac
1339 4747 1586 4847 abigit,
1643 4758 1715 4821 et
1766 4746 1975 4846 ipsos,
2037 4744 2224 4847 [qui]
2283 4769 2447 4820 cum
2512 4742 2783 4819 Stuarti
2842 4767 3060 4816 uxore
3116 4739 3561 4843 (Hepburna

649 4873 846 4949 dieta
881 4871 1004 4961 est,
1045 4869 1247 4970 prisci
1286 4866 1644 4942 Bothuelii
1693 4866 1920 4965 soror)
1979 4867 2437 4950 advenerant,
2490 4866 2766 4964 fugere,
2824 4863 3078 4964 ipsam,
3134 4888 3209 4938 re
3265 4864 3556 4954 infesta,

648 4993 1006 5070 discedere
1043 4991 1284 5092 cogit;
1327 4989 1574 5090 paucis
1609 4987 1924 5088 pulsaue,
1969 4987 2340 5062 vulnerato
2376 4983 2682 5077 nemine,
2721 5009 2965 5062 verum
3000 4994 3202 5059 tanto
3236 4983 3563 5062 omnibus

3068 5127 3118 5178 o
