4575 6042
1635 787 2691 914 wEDDERBURNEQsl.
3517 799 3613 878 37

691 1001 892 1100 jecit,
930 1026 1040 1094 ac,
1077 1001 1224 1079 late
1259 1001 1524 1080 damno
1557 1003 1744 1106 faepe
1792 1003 2113 1081 hostibus
2167 1003 2361 1096 dato,
2402 1003 2641 1080 aditus
2700 1005 2771 1080 in
2825 1027 3062 1080 arcem
3114 1002 3409 1080 obsedit.
3516 1003 3613 1078 Et

625 1107 638 1118 ’
700 1119 1017 1222 quodam
1050 1121 1190 1216 die,
1227 1125 1299 1199 in
1355 1124 1574 1200 totius
1623 1125 1978 1201 exercitus
2037 1125 2451 1225 conspectu,
2496 1125 2635 1200 levi
2697 1126 3086 1201 certamine
3124 1125 3195 1200 in
3231 1125 3417 1200 valle
3469 1127 3611 1199 arci

697 1242 1042 1344 subjefita,
1079 1244 1181 1320 ita
1215 1269 1378 1320 cum
1413 1245 1614 1320 hoste
1649 1245 1982 1336 conflixit,
2021 1258 2098 1321 ut
2125 1247 2468 1321 summam
2497 1245 2589 1321 ab
2617 1243 2947 1321 omnibus
2982 1245 3273 1320 laudem
3304 1256 3615 1345 reporta·

699 1364 810 1439 rit.
917 1363 1016 1440 Et
1048 1365 1190 1442 hoc
1223 1366 1392 1442 sane
1426 1366 1492 1442 ei
1529 1363 1909 1465 peculiare,
1948 1377 2022 1441 et
2056 1391 2099 1441 a
2133 1365 2523 1466 majoribus
2554 1365 2884 1440 haustum
2919 1377 3095 1456 erat,
3134 1377 3217 1441 ut
3252 1378 3324 1440 et
3370 1366 3617 1467 patriae

702 1509 946 1561 amore
979 1497 1054 1562 et
1085 1485 1391 1563 hostium
1424 1487 1580 1587 ejus
1615 1485 1782 1562 odio
1817 1485 2342 1588 flagrantissime
2394 1485 2697 1578 arderet,
2738 1484 2922 1561 adeo
2958 1497 3037 1561 ut
3091 1511 3328 1587 neque
3378 1485 3615 1570 exilio,

701 1629 788 1682 ac
811 1606 1340 1708 proscriptione,
1371 1629 1606 1708 neque
1631 1607 1792 1682 ullis
1819 1605 2363 1696 calamitatibus,
2394 1631 2629 1707 neque
2655 1607 2799 1681 ullo
2825 1608 2950 1681 suo
2984 1617 3201 1697 metu,
3244 1617 3366 1682 aut
3392 1606 3617 1681 inimi-

703 1750 948 1802 corum
979 1726 1238 1829 injuria
1272 1727 1470 1829 adigi
1497 1727 1829 1829 potuerit,
1870 1738 1996 1803 aut
2031 1727 2143 1802 vel
2193 1728 2267 1801 in
2308 1726 2711 1826 Anglorum
2762 1727 2976 1802 fidem
3028 1729 3101 1802 se
3152 1726 3463 1816 dederet,
3506 1726 3614 1801 vel

701 1871 950 1922 eorum
983 1871 1198 1948 opem
1250 1847 1682 1949 imploraret,
1737 1848 1849 1924 vel
1902 1847 1996 1923 ad
2045 1871 2170 1923 eos
2225 1846 2593 1923 exulatum
2644 1848 3107 1948 confugeret:
3160 1848 3405 1950 itaque
3460 1859 3612 1923 toto

703 1969 1226 2070 proscriptionis
1283 1982 1630 2069 tempore,
1687 1993 2056 2071 nunquam
2116 1969 2188 2043 in
2253 1968 2597 2068 Angliam
2653 1971 2725 2045 se
2787 1970 3107 2060 contulit,
3165 1980 3290 2044 aut
3349 1969 3611 2045 auxilio

700 2113 948 2166 eorum
981 2089 1148 2165 usus
1181 2089 1306 2182 est,
1345 2087 1472 2164 nifi
1506 2115 1670 2181 un0,
1709 2113 2022 2191 quocum
2073 2089 2349 2189 privata
2383 2101 2537 2165 erat
2590 2090 2925 2181 amicitia,
2974 2090 3250 2176 Selbio,
3282 2115 3416 2166 nec
3464 2091 3611 2175 illo,

703 2207 828 2285 nifi
862 2210 935 2284 in
969 2210 1266 2286 fortuito
1313 2210 1460 2298 illo,
1494 2212 1783 2312 quicum
1823 2209 2249 2286 Blacadario
2303 2221 2477 2301 erat,
2533 2211 2921 2312 congressu,
2967 2212 3089 2311 qui
3149 2191 3313 2287 cum
3354 2212 3424 2286 in
3462 2212 3615 2310 ejus

701 2331 1048 2407 comitatu
1082 2330 1277 2418 effet,
1313 2356 1725 2433 quanquam
1761 2330 2080 2407 deserere
2115 2355 2282 2406 eum
2333 2332 2584 2406 noluit.
2692 2331 2789 2406 Et
2832 2331 3075 2408 Surrio
3118 2333 3507 2407 exercitum
3542 2333 3614 2405 in

706 2449 1028 2528 Scotiam
1088 2452 1416 2543 ducente,
1488 2477 1652 2528 cum
1714 2451 1831 2527 alii
1900 2452 2244 2552 plerique,
2306 2463 2387 2526 ut
2450 2451 2907 2543 Chirnifidus‚
2979 2451 3451 2553 LangtoniuS,
3520 2452 3613 2527 ad

706 2571 988 2672 Anglos
1022 2572 1432 2660 tranfiffent,
1469 2599 1556 2650 ac
1589 2573 1660 2647 in
1696 2597 1943 2648 eorum
1978 2572 2191 2648 fidem
2217 2571 2583 2672 jurassent,
2624 2571 3012 2674 domosque
3041 2574 3199 2648 suas
3232 2573 3371 2649 hoc
3398 2573 3615 2674 pasto

704 2691 796 2767 ab
832 2691 1162 2768 incendio
1198 2703 1272 2768 et
1303 2693 1507 2768 ruina
1563 2691 2014 2784 redimissent,
2052 2693 2172 2768 ille
2209 2703 2286 2767 ut
2323 2691 2511 2784 ide‚m
2568 2693 2863 2784 faceret,
2917 2694 3114 2769 nullo
3167 2705 3364 2770 metu
3422 2693 3614 2796 adigi

703 2813 982 2914 potuit3
1021 2813 1265 2914 itaque
1311 2812 1406 2888 ad
1440 2838 1676 2890 arcem
1732 2813 1890 2914 ejus
1941 2811 2360 2889 diruendam
2418 2811 2749 2890 admotus
2800 2815 3152 2890 exercitus
3206 2815 3332 2890 est.
3439 2813 3615 2890 Erat

705 2942 947 3009 autem
981 2934 1050 3010 in
1089 2934 1303 3033 plano
1338 2933 1630 3036 quidem
1663 2932 1816 3024 fita,
1851 2959 1987 3010 nec
2038 2945 2184 3009 tam
2236 2946 2493 3010 natura
2544 2959 2763 3035 quam
2801 2947 2952 3010 arte
3005 2935 3304 3019 munita,
3358 2933 3611 3036 stagno

705 3054 1179 3156 quadraginta
1213 3055 1433 3155 pedes
1464 3055 1638 3142 lat0,
1671 3079 1931 3130 novem
1963 3053 2342 3156 profund0,
2370 3079 2571 3129 muro
2600 3079 2742 3129 non
2770 3054 2952 3130 adeo
2989 3055 3209 3131 craffo
3234 3056 3613 3156 septangu-

705 3176 831 3251 lari
866 3176 1119 3266 forma,
1156 3174 1448 3276 fingulis
1480 3174 1786 3250 turribus
1820 3174 1914 3250 ad
1946 3172 2258 3276 fingulos
2293 3176 2597 3276 angulos
2631 3175 2936 3267 erectim
2987 3201 3234 3251 omnes
3268 3187 3469 3250 erant
3505 3199 3611 3248 ar-

705 3308 943 3384 matae,
977 3295 1100 3371 nifi
1139 3296 1333 3397 quod
1368 3322 1530 3397 quae
1574 3296 1817 3397 januae
1852 3295 2172 3396 impolita
2208 3308 2361 3372 erat
2412 3296 3030 3398 quandragularis‚
3065 3310 3138 3372 et
3173 3322 3262 3372 ex
3298 3297 3477 3372 caeso
3512 3297 3611 3371 la-

708 3417 899 3519 pide,
925 3428 1202 3493 caeterae
1225 3417 1548 3492 rotundae
1579 3445 1600 3508 3
1639 3417 1710 3491 in
1738 3417 1846 3493 his
1870 3415 2158 3518 singulis
2184 3415 2331 3493 bini
2361 3417 2640 3519 equites
2667 3416 3195 3493 diversabantur
3222 3445 3243 3504 3
3279 3417 3349 3492 in
3378 3417 3613 3492 media

709 3563 876 3614 area
908 3538 1164 3639 ingens
1197 3537 1426 3624 turris,
1463 3549 1533 3614 et
1569 3536 1719 3639 ipsa
1753 3537 2103 3638 quadrato
2137 3562 2228 3613 ex
2260 3537 2501 3638 lapide
2534 3537 2886 3613 sexdecim
2922 3538 3143 3640 pedes
3178 3537 3396 3614 craffo
3430 3540 3612 3641 pari-

709 3671 848 3750 ete,
872 3671 944 3736 et
971 3661 1242 3761 septem
1263 3657 1650 3734 fornicibus
1677 3684 1764 3733 ac
1793 3657 2447 3758 contignationibus
2470 3659 2616 3733 alta
2638 3686 2659 3745 ;
2694 3683 2873 3759 pons
2900 3659 3231 3735 sublicius
3258 3673 3425 3736 ante
3451 3685 3607 3760 por·

705 3791 876 3871 tam,
914 3805 1060 3882 quo
1093 3780 1240 3855 solo
1275 3779 1346 3854 iu
1383 3803 1620 3854 arcem
1653 3777 1933 3869 ibatur3
1983 3788 2286 3879 utraque
2321 3779 2528 3854 turris
2561 3779 2851 3879 gemina
2884 3793 3090 3879 porta
3124 3780 3608 3868 claudebatur,

708 3925 1010 4000 quarum
1045 3925 1190 3976 una
1223 3925 1312 3976 ex
1345 3899 1600 3975 robore
1619 3898 2018 3988 firmiflimO,
2059 3899 2283 3974 altera
2316 3901 2569 3988 ferrea,
2606 3899 2782 3974 fune
2820 3901 3167 4000 suspensa,
3211 3899 3611 3976 attraheba-

709 4033 822 4096 tur
853 4020 1119 4097 sursum
1152 4031 1276 4096 aut
1312 4017 1818 4096 demittebatur
1850 4045 1977 4120 pro
2014 4018 2326 4094 arbitrio.
2432 4017 2569 4094 His
2594 4021 3048 4096 munimentis
3075 4034 3322 4096 contra
3347 4019 3611 4096 subitas

711 4139 1136 4217 incursiones
1160 4141 1326 4216 satis
1358 4151 1515 4231 tuta
1548 4139 1940 4230 videbatur,
1971 4138 2278 4214 admotis
2310 4139 2697 4240 majoribus
2724 4143 3111 4231 tormentiS‚
3142 4153 3217 4216 et
3242 4122 3609 4241 paululum

711 4261 1101 4352 verberata,
1140 4260 1374 4336 statim
1408 4259 1655 4336 dedita
1687 4260 1813 4336 est.
1920 4261 2105 4348 Quae
2131 4261 2202 4334 in
2229 4259 2469 4334 medio
2494 4258 2725 4335 stabat
2752 4260 2979 4347 turris,
3014 4255 3303 4360 pulvere
3331 4260 3609 4361 sulphu-

711 4407 834 4458 reo
886 4381 1370 4464 fundamentis
1419 4380 1798 4484 supposito,
1823 4367 1830 4374 ’
1852 4381 2166 4457 lacerata
2234 4406 2321 4456 ac
2382 4379 2636 4471 diruta,
2702 4379 2933 4456 stante
2989 4380 3483 4457 tantummodo
3538 4383 3611 4456 in

711 4503 1017 4578 nostram
1054 4513 1337 4577 aetatem
1372 4502 1797 4603 fragment0‚
1838 4526 1981 4603 quo
2017 4502 2251 4602 operis
2300 4500 2722 4602 magnitudo
2769 4500 3085 4603 dignosci
3120 4501 3365 4604 pofl'et.
3470 4501 3614 4578 Ex-

713 4625 945 4714 terior,
981 4621 1369 4698 fornicibus
1419 4622 1689 4724 pulveri
1739 4622 2183 4710 cedentibus,
2237 4635 2308 4698 et
2353 4623 2674 4724 quafl'ato
2720 4623 3089 4725 paululum
3140 4649 3341 4698 muro
3377 4650 3461 4699 ac
3510 4624 3613 4698 hi·

713 4756 902 4835 ante,
957 4754 1218 4819 caetera
1268 4743 1546 4842 integra
1587 4741 1798 4835 stetit,
1836 4743 2018 4818 adeo
2055 4759 2134 4817 ut
2167 4743 2387 4830 rimae,
2428 4743 2847 4829 subsidente,
2883 4754 3080 4844 putu,
3118 4743 3605 4834 fundamentO,

718 4877 843 4941 aut
876 4863 1376 4940 inclinantibus
1411 4863 1504 4938 ad
1538 4863 1610 4939 se
1643 4875 1895 4939 mutuo
1930 4863 2170 4954 muria,
2208 4864 2364 4965 post
2398 4864 2671 4966 aliquot
2706 4888 2929 4941 annos
2964 4889 3149 4965 pene
3175 4865 3489 4955 coierint,
3530 4889 3615 4937 ac

715 4985 1030 5073 domino,
1065 4983 1562 5061 recedentibus
1594 4985 1871 5086 Anglis,
1911 4985 2413 5086 qualecunque
2445 4984 2901 5077 domicilium,
2942 4985 3183 5086 quoad
3217 4986 3408 5072 vixit,
3460 5010 3614 5085 per-
