4575 6042
996 813 1042 878 8
1915 801 2057 880 DE
2113 799 2567 880 FAMILIA
2620 800 2979 880 HUMIA

1010 1025 1288 1091 mutato
1321 1014 1646 1105 concilio,
1683 1015 1972 1091 fratrem
2006 1013 2414 1116 compellat,
2449 1013 2753 1091 ostendit
2786 1014 2968 1091 stare
3003 1015 3071 1091 ei
3106 1014 3529 1092 sententiam
3562 1016 3697 1092 iter
3740 1015 3914 1093 illud

1013 1136 1384 1237 suscipere,
1420 1147 1576 1212 orat
1609 1136 1900 1212 domum
1943 1135 2212 1226 redeat,
2261 1146 2337 1211 et
2368 1133 2420 1210 fi
2453 1135 2623 1236 quid
2660 1135 2787 1238 ipfi
2810 1135 3219 1212 humanitus
3270 1136 3631 1224 acciderit,
3672 1162 3916 1213 curam

1015 1254 1396 1332 liberorum
1431 1256 1782 1358 suscipiat.
1887 1255 2022 1343 Ita,
2050 1257 2365 1358 acceptis
2386 1256 2541 1357 ejus
2563 1257 2775 1332 armis
2801 1269 2875 1332 et
2910 1267 3285 1359 apparatu,
3312 1257 3385 1332 in
3418 1256 3732 1333 Galliam
3755 1282 3917 1334 cum

1021 1375 1204 1452 duce
1238 1377 1556 1479 navigat,
1591 1401 1676 1453 ac
1712 1401 1854 1452 una
1889 1402 2053 1452 cum
2087 1402 2176 1452 eo
2213 1377 2306 1452 ad
2342 1375 2756 1452 Vernoliam
2808 1377 3028 1452 caesus
3064 1378 3190 1452 est.
3297 1375 3561 1466 David,
3598 1378 3918 1479 suscepta

1020 1496 1493 1598 orphanorum
1545 1497 1794 1584 tutela,
1845 1498 2100 1573 mirum
2152 1522 2299 1597 qua
2347 1494 2487 1571 fide
2539 1507 2612 1570 et
2666 1496 3045 1597 prudentia
3099 1522 3259 1572 eam
3312 1495 3915 1572 administraverit.

1020 1615 1220 1693 Nam
1255 1627 1328 1692 et
1363 1617 1776 1704 Alexandri,
1811 1619 1934 1718 qui
1968 1629 2143 1693 natu
2176 1617 2548 1708 maximae,
2589 1642 2737 1693 rem
2772 1617 3149 1719 plurimum
3203 1617 3422 1708 auxit,
3461 1629 3536 1693 et
3580 1617 3761 1694 duos
3794 1618 3919 1693 mi·

1019 1763 1228 1814 nores
1266 1738 1622 1814 Thomam
1658 1752 1731 1814 et
1771 1737 2193 1839 Georgium,
2223 1737 2381 1838 (alii
2417 1737 2773 1814 Jacobum
2805 1735 3127 1837 vocant,)
3159 1736 3359 1813 illum
3390 1737 3918 1840 Tuningamiae,

1021 1857 1228 1935 istum
1269 1859 1501 1960 Spoti,
1540 1859 1927 1949 dominum,
1966 1859 2311 1958 coemptis
2355 1858 2427 1933 in
2462 1883 2707 1933 eorum
2761 1860 2957 1934 usum
2993 1859 3079 1934 iis
3112 1859 3337 1945 terriS,
3384 1858 3578 1949 fecit,
3629 1885 3789 1935 raro
3846 1869 3919 1935 et

1025 1979 1450 2056 celebrando
1485 1980 1839 2081 exemplo.
1943 1977 2107 2054 Nec
2139 1979 2363 2055 vitare
2398 1990 2641 2055 tamen
2676 1979 2909 2078 potuit
2960 1979 3133 2080 quin
3184 1980 3365 2055 inter
3399 2005 3566 2056 eum
3606 1992 3680 2057 et
3733 1980 3922 2057 hunc

1025 2102 1249 2202 ipsum
1289 2100 1798 2190 Alexandrum,
1837 2099 1975 2176 five
2024 2099 2236 2201 hujus
2294 2099 2538 2190 filium,
2578 2099 2772 2200 quod
2809 2101 3047 2201 potius
3098 2100 3543 2187 crediderim,
3578 2101 3924 2179 incideret

1029 2342 1456 2444 (balivatum
1489 2341 1785 2441 vocant)
1837 2341 2254 2442 jure,.quod
2294 2340 2532 2416 David
2566 2367 2611 2415 a
2646 2341 3144 2418 coenobiarcha
3178 2341 3460 2418 Joanne
3519 2341 3770 2418 Drako
3806 2368 3922 2422 ac-

1031 2475 1338 2565 ceperat.
1419 2462 1635 2550 Quod
1674 2461 2082 2537 Alexander
2105 2461 2227 2562 jus
2253 2460 2679 2547 obtenderit,
2713 2461 3047 2561 equidem
3081 2463 3318 2538 nescio
3348 2491 3370 2555 ς
3406 2489 3649 2539 verum
3685 2489 3798 2539 res
3831 2463 3925 2540 ad

1031 2571 1330 2660 arbitros
1383 2581 1716 2674 deducta,
1781 2584 2007 2683 primo
2063 2582 2157 2658 ad
2197 2580 2559 2682 Adamum
2609 2580 3133 2682 Hepburnium,
3186 2584 3308 2684 qui
3369 2583 3797 2660 Gallovidiae
3847 2597 3921 2690 et

1032 2703 1299 2806 Halefij
1351 2705 1713 2780 dominum
1766 2705 1838 2780 se
1905 2718 2136 2791 vocat,
2173 2702 2467 2804 ejusque
2516 2702 2737 2778 filium
2784 2715 3031 2778 natum
3082 2705 3470 2780 maximum
3514 2693 3925 2794 Patricium,

1031 2851 1175 2902 una
1229 2852 1390 2902 cum
1450 2825 1758 2902 Patricio
1817 2823 2214 2926 Hepbumo
2256 2821 2655 2924 Waghtoni
2711 2823 3109 2914 comarcho,
3166 2823 3479 2926 aliosque
3514 2850 3927 2903 communes

1027 2947 1318 3037 amicOS,
1350 2946 1610 3042 delata,
1643 2972 1729 3022 ac
1755 2944 1847 3021 ab
1870 2945 1956 3021 iis
1975 2946 2166 3021 varie
2197 2945 2493 3046 agitata,
2514 2944 2799 3020 decreta
2822 2944 3134 3044 quidem,
3161 2969 3405 3021 verum
3424 2945 3618 3022 haud
3644 2947 3926 3050 penitus

1029 3067 1304 3144 sublata
1339 3067 1463 3143 est.
1571 3065 1681 3142 Illi
1715 3068 1904 3143 enim
1938 3066 2135 3166 gravi
2171 3066 2493 3140 oratione
2532 3063 3021 3140 Alexandrum
3054 3065 3443 3166 increpant,
3478 3068 3711 3144 minus
3760 3093 3926 3145 eum

1029 3189 1256 3265 amice
1293 3214 1454 3264 cum
1489 3199 1743 3290 patruo
1780 3187 1995 3288 egifl'e
2030 3188 2102 3261 in
2142 3184 2566 3262 Alcamneffi
2618 3185 3025 3285 pofl'effione
3080 3186 3531 3287 acquirenda,
3571 3213 3788 3289 quam
3822 3200 3927 3264 ta·

1028 3443 1102 3507 et
1136 3430 1504 3506 dimidium
1543 3427 1955 3504 Alexandro
1993 3427 2450 3527 adjudicant3
2490 3453 2576 3502 ac
2610 3426 2701 3502 de
2728 3427 3040 3502 amicitia
3086 3429 3266 3503 inter
3316 3454 3441 3506 eos
3474 3430 3777 3506 colenda
3810 3457 3926 3507 ac-

1029 3563 1273 3626 curate
1308 3562 1584 3635 cavent,
1613 3550 1901 3625 decreto
1935 3547 2365 3651 interpofitO,
2402 3559 2474 3623 et
2506 3548 3011 3648 interpretandi
3048 3549 3202 3650 ejus
3226 3550 3409 3650 jure,
3440 3549 3492 3626 fi
3513 3552 3684 3652 quid
3711 3551 3926 3628 dubie

1030 3687 1451 3763 occurreret,
1477 3670 1600 3746 fibi
1615 3673 1910 3758 servato,
1932 3695 2335 3760 mccccxu,
2366 3669 2633 3746 octob.
2657 3693 2769 3744 xu
2798 3699 2815 3744 ε
2851 3669 3044 3771 quod
3068 3670 3313 3771 postea
3340 3697 3385 3746 a
3408 3670 3690 3749 Davide
3710 3675 3927 3750 trans·

1035 3793 1228 3884 cribi,
1261 3793 1384 3868 seu
1404 3792 1738 3868 transumi
1765 3793 2013 3878 mavis,
2048 3802 2371 3867 curatum
2399 3814 2587 3865 anno
2614 3791 2954 3891 proximo,
2986 3816 3244 3892 nempe
3276 3817 3711 3886 mccccxmr,
3744 3794 3922 3896 Maij

1030 3943 1170 4004 ΧΠ,
1197 3917 1269 3992 in
1305 3916 1470 3992 aula
1503 3913 2166 4015 Cockburnspethii.
2256 3912 2573 3989 Decreto
2599 3912 2736 3988 hoc
2760 3911 2998 3989 militis
3018 3912 3222 3987 titulo
3248 3911 3511 4013 ubique
3537 3915 3926 4018 insignitur,

1030 4063 1116 4114 ac
1151 4036 1396 4140 postea
1431 4037 1530 4111 ita
1565 4034 1657 4112 ab
1693 4035 1849 4110 aliis
1882 4036 2294 4135 usurpatur3
2328 4032 2617 4134 quando
2642 4056 2809 4108 vero
2846 4045 2969 4108 aut
3003 4059 3147 4133 qua
3180 4034 3453 4110 ratione
3479 4061 3645 4111 eum
3672 4036 3925 4112 honor·

1031 4185 1171 4247 em,
1207 4159 1372 4234 satis
1405 4182 1670 4260 magno
1705 4168 1858 4232 tum
1891 4157 1962 4230 in
2001 4155 2247 4256 pretio,
2280 4153 2742 4255 acquisiverit,
2780 4164 3221 4256 compertum
3248 4180 3390 4230 non
3415 4154 3677 4232 habeo.
3782 4155 3925 4232 Ve-

1031 4306 1185 4357 rum
1220 4279 1358 4356 hac
1392 4279 1665 4355 ratione
1698 4277 1892 4353 haud
1926 4277 2092 4352 satis
2127 4275 2535 4376 compofita,
2587 4274 2931 4377 gliscebat
2984 4276 3220 4377 potius
3273 4276 3377 4367 lis,
3419 4278 3923 4356 accedentibus

1033 4402 1190 4478 aliis
1223 4401 1427 4502 super
1463 4400 1638 4476 alias
1672 4399 1943 4475 causas.
2048 4396 2244 4472 Nam
2280 4407 2352 4472 et
2388 4395 2797 4473 Alexander
2850 4395 3151 4472 Davidis
3198 4423 3459 4498 pecora
3492 4424 3535 4474 e
3569 4401 3771 4475 terris
3820 4399 3923 4501 ip·

1034 4523 1174 4598 fius
1229 4519 1843 4622 Upsatlingtoniae,
1901 4517 2493 4618 Fleimingtoniae,
2542 4515 3119 4618 Wedderburnij,
3165 4519 3399 4594 nescio
3451 4519 3653 4620 cujus
3703 4519 3923 4597 debiti

1042 4641 1353 4726 nomine,
1391 4640 1656 4741 abegit,
1698 4652 1769 4715 et
1805 4639 2121 4715 decimas
2150 4637 2532 4713 Thurstoni
2570 4663 2613 4713 a
2650 4637 2935 4713 Davide
2969 4639 3337 4739 usurpatas
3371 4639 3797 4731 vindicabat,
3852 4652 3925 4717 et

1031 4763 1159 4840 fibi
1195 4788 1282 4836 ac
1313 4760 1564 4836 Drako
1607 4758 2181 4860 Coldinghamiae
2217 4757 2758 4845 coenobiarchae,
2803 4757 3109 4833 Sterlino
3136 4758 3617 4849 redeuntibuS,
3645 4760 3923 4838 infidias

1035 4884 1293 4987 pofitas
1328 4879 1782 4984 querebatur.
1889 4879 2168 4980 Itaque,
2205 4879 2595 4954 accedente
2647 4877 2741 4954 ad
2778 4877 3076 4954 Davidis
3127 4891 3365 4979 partes
3400 4879 3688 4958 Adamo
3725 4880 3925 4988 Hep-
