4575 6042
1627 782 2690 904 WEDDERBURNENSI.
2834 788 2845 810 '
3510 795 3609 872 27

693 995 946 1092 magiS,
984 1017 1076 1068 ne
1109 991 1479 1094 perfidiam
1513 991 1637 1070 fibi
1671 995 2045 1094 quisquam
2081 1020 2168 1069 ac
2202 992 2533 1070 fraudem
2566 996 2712 1072 ullo
2748 996 2821 1071 in
2848 996 3102 1072 ordine
3135 996 3350 1072 licere
3401 1006 3602 1096 pute-
3708 1033 3717 1048 ·

692 1139 875 1189 mus.
980 1112 1078 1188 Et
1113 1114 1218 1189 est
1250 1115 1372 1189 illa
1405 1114 1694 1214 quidem
1723 1115 2254 1208 minusodiosa,
2304 1140 2465 1216 quae
2498 1115 2731 1214 magis
2766 1143 2810 1192 a
2842 1129 3098 1193 natura
3124 1142 3311 1218 pene
3338 1117 3605 1194 homini

695 1233 942 1310 datum
976 1235 1278 1321 videtur,
1317 1247 1394 1310 ut
1446 1236 1517 1310 se
1553 1235 1823 1340 augeri,
1875 1247 2222 1336 quantum
2277 1236 2575 1336 quisque
2629 1237 2855 1340 poffit,
2907 1238 3097 1327 velit,
3161 1239 3378 1313 etiam
3426 1237 3603 1328 aliis,

697 1355 893 1455 quod
918 1368 1329 1432 neutrorum
1363 1354 1469 1442 fit,
1505 1357 1936 1457 praecipere3
1975 1380 2109 1431 nec
2142 1356 2314 1431 vitio
2350 1356 2423 1430 id
2456 1357 2685 1447 datur,
2723 1360 2869 1434 imo
2896 1359 3113 1446 laudi,
3141 1384 3303 1434 cum
3339 1359 3607 1459 absque

696 1475 954 1575 injuria
987 1475 1092 1562 fit,
1128 1485 1370 1552 tamen
1405 1502 1565 1552 raro
1591 1477 1769 1576 juris
1805 1487 1879 1552 et
1911 1476 2080 1576 equi
2117 1476 2373 1553 finibus
2408 1478 2481 1553 se
2516 1479 2855 1568 continet,
2894 1491 2969 1554 ‘et
3007 1479 3125 1555 ubi
3160 1479 3453 1555 modum
3488 1504 3606 1554 ex·

697 1595 909 1686 ceffit,
947 1596 1344 1699 aequalibus
1369 1597 1604 1697 gravis
1638 1594 1844 1672 valde
1881 1607 1954 1671 et
1986 1597 2393 1696 importuna
2427 1597 2551 1672 est.
2658 1598 2762 1673 At
2796 1598 3009 1674 fidem
3035 1599 3323 1690 violare,
3360 1624 3506 1675 non
3534 1600 3605 1674 in

697 1743 916 1794 unum
951 1718 1184 1818 magis
1219 1719 1552 1819 aliquem,
1584 1741 1803 1818 quam
1829 1717 1900 1792 in
1928 1715 2319 1792 humanum
2345 1743 2595 1818 genus„
2632 1719 2967 1818 injurium
3004 1720 3127 1811 est,
3166 1733 3241 1795 et
3274 1722 3348 1795 in
3384 1721 3604 1795 sanci·

697 1852 848 1916 tum
901 1837 1025 1939 ipfi
1059 1851 1332 1916 naturae
1367 1838 1893 1914 commercium.
2002 1836 2255 1938 Itaque
2290 1838 2770 1915 abominanda
2804 1841 3071 1941 ubique
3122 1841 3367 1917 habita
3402 1841 3605 1941 perfi-

697 1960 839 2050 dia,
879 1972 974 2050 et,
1013 1961 1221 2060 supra
1248 1971 1604 2061 quotquot
1638 1959 1934 2061 usquam
1970 1960 2126 2034 sunt
2163 1959 2447 2051 scelera,
2488 1985 2947 2053 execramur3
2985 1962 3159 2062 quin
3210 1961 3467 2062 probro
3503 1961 3607 2035 est

697 2095 770 2158 et
805 2083 1267 2182 contemptui,
1307 2092 1386 2156 ut
1412 2079 2000 2180 pusillanimitatis
2023 2091 2217 2156 certa
2243 2080 2541 2172 soboles,
2574 2104 2708 2156 nec
2730 2083 2917 2157 enim
2946 2082 3232 2157 aliunde
3258 2083 3607 2182 originem

697 2202 913 2293 ducit,
955 2212 1078 2277 aut
1111 2202 1626 2277 incrementum
1662 2199 1901 2301 capit3
1943 2225 2078 2275 nec
2112 2202 2408 2301 usquam
2439 2201 2723 2278 uberius
2757 2202 2829 2276 se
2862 2203 3110 2292 exerit,
3140 2227 3357 2303 quam
3384 2201 3605 2278 maxi-

695 2349 812 2398 me
862 2322 1290 2398 meticulofis
1325 2323 1397 2396 in
1433 2321 1710 2407 animiS,
1745 2333 1820 2396 et
1855 2321 2092 2396 virtuti
2126 2322 2268 2397 suae
2308 2321 2562 2412 diffifis,
2604 2323 2885 2422 magnis
2928 2322 3091 2398 viris
3141 2347 3410 2424 magna
3440 2346 3605 2398 vere

699 2443 1083 2544 agentibus
1118 2445 1352 2543 spreta
1377 2443 1655 2528 merito,
1692 2453 1764 2518 et
1800 2442 2060 2517 exosa:
2113 2442 2381 2542 quippe
2414 2468 2581 2543 qua,
2640 2454 2898 2543 praeter
2951 2443 3051 2518 rei
3102 2443 3609 2545 turpitudinem

699 2567 973 2665 semper
1006 2564 1447 2666 fugiendam,
1485 2589 1630 2639 non
1659 2561 1851 2638 aliud
1887 2562 1980 2636 ad
2015 2588 2127 2638 res
2163 2563 2485 2662 agendas
2517 2564 2849 2664 ineptius»,
2888 2589 3053 2640 cum
3085 2588 3230 2639 non
3257 2563 3451 2640 aliud
3484 2563 3608 2638 ho-

697 2685 968 2776 minum
1002 2685 1234 2760 studia
1267 2685 1500 2784 magis
1533 2682 1914 2769 abalienet,
1951 2708 2113 2785 quae
2147 2685 2296 2760 viro
2350 2683 2677 2785 prudenti
2712 2684 2908 2759 omni
2959 2709 3129 2760 cura
3162 2684 3609 2760 concilianda

700 2807 881 2893 sunt,
917 2818 990 2882 et
1025 2805 1286 2906 quibus
1340 2805 1614 2905 semper
1663 2806 1826 2882 usus
1877 2803 2001 2895 est,
2053 2804 2372 2906 quisquis
2426 2829 2735 2906 magnus
2794 2804 3035 2881 evafit.
3140 2806 3337 2892 Quin
3391 2804 3605 2905 pofl'e,

699 2925 896 3026 quod
951 2925 1375 3011 obtendunt,
1427 2925 1648 3000 latere
1677 2924 1955 3026 'testam
1990 2924 2112 2999 diu
2165 2925 2557 3025 perfidiam,
2609 2925 2839 3000 stolidi
2870 2925 2993 3000 ·est
3025 2925 3359 3018 credere3
3418 2925 3607 3000 male

699 3049 847 3122 sani
901 3045 1402 3124 concilia-inde
1429 3045 1874 3150 suspendere,
1912 3058 1985 3121 et
2025 3044 2377 3121 lubricum
2425 3045 2661 3146 plane,
2698 3071 2843 3147 quo
2879 3046 3143 3137 niteriS,
3181 3046 3605 3122 fundamen-

701 3181 875 3257 tum,
912 3168 1110 3272 quafi
1144 3181 1222 3244 tu
1257 3193 1506 3244 omnes
1541 3193 1781 3268 argus,
1818 3179 1890 3242 te
1924 3192 2139 3242 nemo
2172 3192 2461 3242 cernere
2494 3166 2697 3267 poffit
2723 3166 3145 3269 vespertilio,
3231 3166 3397 3243 Nec
3421 3168 3604 3242 fruc—

700 3301 815 3366 tus
847 3290 964 3366 hic
1020 3315 1108 3365 ex
1164 3290 1388 3391 prima
1425 3288 1858 3365 successuum
1898 3288 2132 3390 specie
2187 3286 2611 3378 metienduS,
2662 3288 2820 3364 finis
2871 3287 3273 3379 intuendus,
3332 3289 3604 3390 semper

699 3411 998 3488 acerbus
1033 3411 1118 3486 iis
1149 3410 1370 3486 etiam
1421 3409 1681 3511 quibus
1732 3407 1923 3484 utilis
1974 3408 2230 3500 fuerat,
2267 3407 2473 3484 obrui
2507 3421 2581 3484 te
2635 3409 3139 3510 gaudentibuS,
3172 3409 3392 3510 idque
3442 3407 3603 3509 ipfis

701 3532 1084 3632 agentibus
1118 3544 1242 3607 aut
1277 3531 1540 3633 palam,
1577 3541 1703 3606 aut
1737 3529 1788 3606 fi
1820 3529 1895 3604 id
1930 3552 2190 3630 neque,
2227 3541 2352 3604 aut
2386 3541 2536 3617 tuo,
2571 3531 2781 3617 clam,
2818 3531 3171 3631 exemplo,
3264 3529 3481 3618 Quod
3516 3555 3605 3606 eo

697 3655 934 3755 magis
965 3653 1465 3732 inculcandum
1499 3650 1672 3726 mihi
1709 3649 2066 3751 degenere
2099 3649 2238 3725 hoc
2273 3649 2528 3726 saeculo
2561 3651 2831 3751 putavi,
2868 3675 3013 3752 quo
3046 3650 3603 3751 impudentiores

699 3775 919 3852 habet
952 3785 1287 3876 patrones
1319 3784 1468 3850 tam
1518 3797 1808 3848 enorme
1843 3770 2216 3871 flagitium.
2326 3770 2709 3847 Politicum
2760 3771 2900 3846 hoc
2948 3782 3229 3847 tantum
3279 3772 3600 3847 feretur?

695 3921 841 3972 non
875 3897 1164 3986 feretur,
1203 3896 1346 3970 imo
1374 3891 1704 3969 omnibus
1728 3889 2138 3968 melioribus
2170 3891 2365 3992 genii
2395 3891 2844 3993 scriptoribus
2869 3892 3405 3993 exagitandum,
3432 3890 3605 3966 mihi

699 4017 866 4092 sane
899 4015 1410 4116 flagellandum
1444 4013 1566 4105 est,
1598 4025 1677 4089 ut
1709 4011 2317 4114 pseudo-politicis
2349 4011 2519 4098 istis,
2554 4012 2626 4087 id
2662 4013 2765 4087 est
2799 4012 2923 4113 qui
2959 4013 3285 4114 politicos
3319 4013 3390 4088 se
3425 4013 3601 4088 falso

690 4137 1055 4238 jactitant,
1088 4161 1234 4212 non
1269 4148 1494 4212 artem
1530 4135 1841 4235 quidem,
1875 4137 2043 4210 sane
2089 4145 2337 4212 contra
2383 4146 2608 4209 artem
2643 4133 2768 4224 est,
2807 4134 2928 4209 sed
2981 4133 3289 4234 ipsorum
3336 4157 3599 4223 naevos,

697 4257 991 4334 humani
1042 4257 1325 4358 generis
1375 4255 1808 4356 perniciem„
1836 4282 1878 4331 e
1935 4253 2266 4330 manibus
2320 4265 2804 4355 extorqueam,
2842 4254 3090 4331 saltem
3144 4279 3291 4355 qua
3332 4251 3602 4353 poffim‚

698 4391 1111 4480 torqueam3
1149 4377 1628 4476 testatumque
1660 4375 2057 4477 relinquam
2091 4399 2310 4475 quam
2342 4373 2675 4461 detestor,
2709 4399 3071 4476 quamque
3098 4387 3345 4450 omnes
3378 4373 3603 4452 detes·

699 4499 832 4575 tari
867 4500 1176 4600 cupiam.
1282 4497 1448 4574 Nec
1481 4521 1569 4572 eo
1607 4497 1840 4572 minus
1871 4495 1924 4571 fi
1957 4494 2370 4572 calumniari
2405 4496 2567 4596 quis
2600 4495 2799 4587 ausit,
2826 4495 3220 4604 gentilium,
3252 4495 3425 4597 quia
3448 4521 3603 4596 per·

697 4618 867 4694 fidia
899 4619 1282 4720 perierunt,
1318 4616 1569 4718 gratiae
1605 4615 1742 4692 hoc
1777 4616 2022 4692 datum
2046 4627 2084 4703 ς’
2121 4615 2269 4716 ipse
2328 4616 2643 4717 quisquis
2676 4614 2781 4708 fit,
2819 4641 2985 4692 cum
3036 4616 3336 4692 aliorum
3370 4618 3603 4719 magis

695 4740 1053 4841 pudendae
1084 4739 1336 4841 gratiae
1369 4738 1508 4813 hoc
1542 4737 1688 4827 det,
1728 4761 1993 4826 verum,
2031 4737 2307 4837 semper
2338 4761 2586 4812 verum
2617 4737 2816 4825 esto;
2867 4737 3050 4814 ultra
3108 4738 3327 4838 quod,
3365 4737 3603 4814 amici-

693 4863 813 4938 tiae
847 4861 1104 4964 gratia,
1139 4885 1230 4936 ne
1264 4860 1623 4946 tenditor3
1673 4857 1794 4936 sed
1829 4883 1964 4936 nec
2004 4858 2212 4945 intra,
2249 4856 2613 4934 modestiae
2648 4858 3130 4947 affe6tatione‚
3183 4857 3599 4945 subfistitor3

691 5006 858 5083 quae
892 4981 1226 5072 scriberit,
1266 5005 1410 5058 una
1443 4971 1810 5080 regularit.
1903 4977 2286 5086 ¹Redeam:
2338 4978 2413 5056 in
2452 4977 2975 5057 Farnihastium
3014 4979 3269 5057 eadem
3302 4979 3600 5056 crudeli-
