4575 6042
1012 762 1106 840 78
1956 762 2099 840 DE
2159 763 2619 841 FAMILIA
2674 764 2960 842 HUMI
2978 764 3033 840 Α

1000 977 1204 1077 juriis
1241 976 1564 1062 affefilmS,
1602 1001 1760 1050 eam
1800 989 2035 1051 tamen
2073 977 2162 1051 de
2199 1003 2287 1052 ea
2321 978 2593 1053 familia
2616 1005 2859 1054 curam
2880 979 3152 1054 habuit.
3263 979 3482 1068 Idem,
3510 1003 3672 1052 cum
3694 987 3919 1052 totam

1015 1097 1294 1172 Hiltoni
1333 1079 1696 1172 baroniam
1721 1099 1882 1198 jure
1917 1098 2344 1185 obtinuisset,
2376 1111 2446 1174 et
2482 1111 2719 1174 tantas
2755 1101 2848 1175 ob
2883 1100 2951 1174 vi
2998 1113 3424 1201 occupatam
3458 1100 3785 1187 mulctas,
3844 1113 3919 1171 ut

1014 1231 1240 1293 totum
1279 1219 1580 1318 ipsorum
1617 1220 2118 1319 patrimonium
2154 1219 2523 1294 exhaurire
2560 1219 2808 1320 poffet,
2845 1221 2945 1295 ita
2978 1233 3220 1296 tamen
3270 1247 3416 1296 rem
3471 1218 3914 1319 temperavit,

1015 1349 1094 1410 ut
1129 1350 1202 1413 et
1228 1339 1590 1414 dimidiam
1621 1341 1704 1414 iis
1739 1339 2219 1440 poffidendam
2247 1340 2659 1440 permiserit,
2687 1353 2758 1416 et
2788 1343 3094 1417 multitas
3116 1342 3474 1417 remiserit.
3560 1341 3913 1415 Praeterea

1015 1483 1177 1532 cum
1214 1470 1414 1534 terrae
1454 1461 1524 1535 in
1561 1461 1834 1561 puellas
1887 1461 2206 1536 haeredes
2259 1461 2656 1538 dividendae
2713 1462 2954 1554 effent,
3016 1463 3345 1538 indivisas
3397 1463 3704 1550 retinuit,
3743 1461 3912 1536 dote

1015 1583 1098 1656 iis
1136 1608 1179 1655 a
1214 1595 1523 1683 cognato
1581 1583 1771 1674 data,
1812 1609 2029 1684 quarn
2072 1585 2216 1684 ipse
2253 1584 2597 1659 voluerat.
2703 1583 2943 1659 Etiam
2989 1597 3279 1684 neptem
3330 1609 3417 1658 ex
3454 1585 3684 1658 sorore
3723 1581 3914 1656 Mar-

1011 1702 1316 1800 garitam
1356 1702 1767 1780 Haldanam
1801 1730 2092 1779 uxorem
2129 1703 2441 1780 Johanni
2478 1704 2694 1794 dedit,
2733 1705 3037 1803 pecunia
3071 1705 3235 1780 satis
3271 1730 3536 1804 magna
3571 1703 3915 1787 dotatam,

1011 1850 1195 1911 rara,
1231 1825 1388 1924 post
1413 1837 1520 1899 tot
1555 1825 1850 1916 offensis,
1891 1825 2332 1901 humanitate
2366 1824 2563 1900 fimul
2594 1837 2665 1901 et
2690 1826 3139 1911 liberalitate,
3168 1826 3489 1927 quamvis
3517 1825 3651 1899 illis
3680 1824 3919 1899 omnia

1013 1946 1475 2036 tentantibus,
1540 1947 1660 2021 sed
1713 1947 1989 2033 frustra,
2048 1972 2140 2021 ne
2192 1946 2377 2022 illius
2437 1945 2798 2021 beneficiis
2852 1946 3142 2022 obnoxii
3198 1946 3469 2022 fierent.
3601 1944 3919 2020 Cesserat

1013 2077 1251 2141 autem
1289 2080 1503 2142 antea
1537 2081 1760 2142 terras
1787 2093 1910 2142 eas
1961 2092 2206 2142 omnes
2245 2067 2508 2143 Davidi
2542 2068 2766 2153 fratri,
2802 2093 2966 2142 cum
3021 2068 3157 2142 illis
3211 2068 3431 2142 iratus
3482 2066 3673 2155 effet,
3713 2065 3911 2138 nullo

1012 2187 1139 2262 fibi
1171 2187 1480 2287 regrefi'u
1519 2200 1643 2262 aut
1676 2187 2088 2274 reverfione,
2117 2201 2197 2263 ut
2230 2189 2636 2288 loquuntur,
2671 2191 3041 2279 reservata,
3074 2212 3318 2263 verum
3347 2189 3487 2274 ille,
3525 2187 3674 2287 pari
3704 2187 3917 2260 animi

1012 2308 1526 2418 moderatione,
1561 2334 1652 2384 ne
1706 2310 2053 2410 privatum
2092 2311 2290 2384 suurn
2348 2309 2801 2384 commodum
2857 2322 3005 2384 tarn
3052 2310 3439 2384 amicarum
3487 2309 3915 2384 familiarum

1015 2428 1411 2504 concordiae
1447 2430 1954 2529 impedimento
1992 2430 2182 2520 effet,
2225 2456 2405 2530 quas
2442 2431 2624 2505 ultro
2676 2431 2882 2507 datas
2925 2445 3321 2531 acceperat,
3364 2431 3544 2506 ultro
3590 2429 3913 2519 reddidit,

1014 2562 1312 2650 accepto
1341 2561 1614 2625 tantum
1645 2552 1713 2625 in
1746 2551 2266 2627 Darnchestriae
2289 2551 2605 2628 decimas
2623 2553 2808 2652 jure,
2831 2552 3025 2654 quod
3047 2553 3119 2626 in
3147 2577 3308 2626 eum
3337 2553 3528 2626 diem
3561 2551 3921 2652 Georgius

1012 2697 1234 2771 penes
1272 2673 1342 2746 se
1377 2673 1872 2747 reservaverat.
1981 2673 2226 2772 Atque
2261 2673 2379 2748 hic
2412 2673 2664 2747 harum
2702 2674 3236 2748 contentionum
3270 2673 3427 2747 finis
3462 2673 3619 2746 fuit.

1116 2792 1360 2892 Majus
1397 2794 1763 2893 aliquanto
1798 2806 1870 2869 et
1899 2794 2223 2871 acerbius
2259 2820 2423 2870 curn
2459 2793 2789 2870 Johanne
2822 2795 3013 2871 Caro
3040 2795 3257 2869 leviro
3286 2805 3645 2869 certamen
3681 2791 3910 2867 subiit.

1017 2911 1088 2988 Is
1131 2912 1474 2988 Innervici
1513 2940 1803 2989 uxorem
1832 2915 2250 3000 adulteram,
2277 2915 2534 2990 marito
2572 2915 2984 3004 abductam,
3017 2915 3305 2988 domum
3334 2913 3656 2988 duxerat.
3746 2913 3919 2987 Inde

1013 3061 1175 3110 curn
1202 3035 1522 3136 legitima
1551 3061 1768 3110 uxore
1797 3036 2022 3138 primo
2051 3035 2452 3122 divortium,
2488 3046 2637 3109 tum
2672 3035 2758 3110 lis
2793 3035 2883 3110 de
2917 3035 3085 3112 dote
3115 3035 3565 3125 restituenda,
3594 3035 3907 3136 aliisque,

1007 3157 1432 3230 matrimonii
1470 3157 1703 3246 causa,
1744 3156 2290 3247 donationibus3
2330 3156 2618 3231 tandem
2656 3169 2727 3232 et
2763 3158 2854 3231 ad
2893 3183 3086 3232 arma
3114 3157 3350 3256 palam
3379 3171 3690 3232 ventum.
3792 3157 3915 3232 Jo-

1007 3277 1282 3352 hannes
1333 3278 1543 3366 enim,
1601 3277 1694 3352 ob
1746 3302 1888 3350 non
1943 3277 2288 3352 redditam
2343 3276 2605 3366 dotem,
2646 3276 2950 3377 aliaque,
2990 3278 3371 3376 perduellis
3424 3277 3915 3362 denunciatus,

1013 3398 1206 3473 bona
1239 3399 1404 3473 fisco
1441 3397 1875 3497 adjudicata,
1925 3412 1998 3472 et
2051 3399 2254 3474 uxori
2294 3396 2561 3473 donata
2596 3423 2758 3472 cum
2795 3398 3035 3488 effent,
3092 3398 3213 3473 illa
3266 3398 3457 3498 apud
3514 3399 3915 3498 Georgium

1012 3520 1328 3594 desolata
1363 3519 1746 3608 desidebat,
1787 3520 1954 3593 dum
1986 3518 2104 3593 ille
2141 3519 2290 3618 agit
2327 3519 2606 3608 lentiuS,
2646 3521 2767 3619 spe
2803 3545 2988 3610 eum,
3040 3521 3163 3594 sua
3208 3521 3473 3619 sponte,
3531 3520 3621 3594 ad
3674 3521 3917 3595 sanam

1012 3652 1323 3715 mentem
1380 3641 1834 3728 reversurum,
1891 3639 2135 3713 saltem
2189 3638 2447 3730 liberis,
2488 3665 2669 3740 quos
2704 3641 2957 3740 quinos
2992 3640 3329 3726 habebat,
3364 3666 3633 3715 marem
3668 3666 3914 3725 unum,

1010 3761 1286 3859 puellas
1322 3773 1646 3860 quatuor,
1688 3773 1760 3834 et
1796 3785 2040 3834 eorum
2075 3760 2304 3848 matri,
2344 3760 2561 3858 quod,
2599 3760 2687 3834 ad
2725 3760 3019 3835 honeste
3054 3773 3127 3836 et
3162 3787 3251 3836 ex
3286 3762 3642 3861 utriusque
3685 3761 3914 3861 digni-

1010 3894 1158 3956 tate
1211 3881 1607 3968 vivendum,
1666 3883 1829 3956 satis
1881 3880 2050 3956 esset
2103 3881 2617 3980 praestiturum3
2676 3909 2719 3957 a
2774 3881 3055 3957 Davide
3104 3883 3343 3966 fratre,
3404 3883 3527 3982 qui
3587 3883 3915 3983 injuriam

1009 4006 1220 4079 sorori
1271 4004 1545 4078 fa6bam
1598 4002 2078 4102 impatientius
2128 4003 2428 4092 ferebat,
2485 4004 2855 4102 indignato
2886 4006 3129 4079 ausum
3176 4003 3247 4078 id
3297 4002 3588 4090 Carum,
3624 4005 3915 4079 tandem

1012 4126 1415 4202 admonitus
1468 4124 1594 4210 est,
1648 4125 1998 4224 pertinere
2047 4124 2136 4198 ad
2184 4125 2370 4223 ipsos
2418 4124 2965 4215 contumeliam3
3022 4125 3437 4225 patientiam
3474 4117 3658 4200 hanc
3694 4124 3915 4224 vulgo

1009 4248 1392 4348 segniciem
1427 4247 1671 4332 videri,
1707 4270 1842 4321 nec
1879 4244 2080 4319 aliter
2116 4271 2158 4318 a
2201 4244 2392 4320 Caro
2429 4244 2702 4345 accipi;
2758 4245 3007 4319 frustra
3042 4245 3408 4344 expectari
3442 4245 3598 4345 ejus
3637 4246 3916 4344 sponta-

1008 4395 1217 4444 neam
1256 4368 1869 4451 benevolentiam3
1919 4366 2160 4440 facere
2216 4391 2343 4464 pro
2385 4366 2455 4440 se
2507 4365 2750 4464 leges;
2802 4365 2943 4439 vim
2995 4365 3423 4452 addendam,
3475 4367 3577 4441 ita
3628 4367 3915 4441 demum

1012 4515 1176 4565 eum
1229 4490 1300 4563 in
1353 4490 1672 4564 ordinem
1725 4488 2059 4562 coalitum
2111 4486 2234 4572 iri;
2286 4511 2420 4560 nec
2470 4510 2737 4586 magna
2786 4511 3001 4560 manu
3062 4512 3240 4588 opus
3296 4487 3457 4576 effe,
3513 4487 3609 4571 se,
3668 4487 3917 4587 viginti

1015 4623 1319 4710 quatuor
1355 4610 1674 4709 equitum
1712 4607 1998 4692 auxilie,
2059 4606 2251 4681 Caro
2303 4632 2586 4707 pecora,
2624 4633 2785 4707 quae
2826 4605 3145 4681 Hirsellae
3180 4607 3421 4696 effent,
3465 4606 3913 4694 aba6turum,

1013 4758 1100 4807 ac
1143 4730 1761 4805 Wedderburnum
1801 4729 2203 4802 dueturum.
2312 4727 2495 4802 Haec
2523 4753 2685 4803 cum
2714 4753 2874 4801 vere
2903 4727 3039 4801 dici
3070 4726 3517 4828 intelligeret,
3548 4727 3913 4812 consensit,

1011 4866 1082 4927 et
1126 4850 1367 4925 David
1419 4850 1770 4949 postridie,
1821 4848 2208 4922 incursione
2245 4848 2337 4922 ad
2378 4848 2709 4923 Tuedam
2746 4849 2965 4947 usque
3000 4849 3217 4938 faeta,
3260 4875 3420 4949 quae
3456 4847 3645 4922 mille
3681 4847 3913 4948 pafl‘us

1013 4973 1194 5048 ultra
1227 4969 1604 5047 Hirsellam
1631 4969 1756 5056 est,
1787 4967 1906 5044 ubi
1940 4968 2170 5044 Carus
2195 4967 2590 5054 habitabat,
2621 4994 2881 5068 pecora
2910 4981 2983 5044 et
3020 4984 3361 5056 armenta,
3398 4981 3575 5069 quot
3600 4969 3908 5044 nancisci
