4575 6042
984 711 1079 781 22
1900 701 2046 778 DE
2101 699 2559 780 FAMILIA
2612 697 2978 778 HUMIA

985 927 1178 1006 nata,
1219 915 1311 991 ab
1347 915 1392 992 J
1395 941 1628 992 oanne
1662 913 2138 1018 gubernatore
2183 913 2479 1004 inflista,
2516 911 3017 1014 instigantibus
3068 922 3143 986 et
3179 909 3607 1012 juvantibus
3646 907 3900 995 Gallis,

989 1037 1368 1136 praesertim
1418 1035 1682 1112 Bautio
1727 1035 1946 1112 nobili
1991 1033 2232 1122 Gallo,
2278 1033 2403 1135 qui
2458 1032 2917 1134 gubernatori
2969 1032 3247 1120 charus,
3290 1034 3386 1108 'et
3444 1030 3902 1107 conciliorum
4030 1080 4033 1083 -

991 1156 1307 1232 omnium
1361 1169 1485 1232 aut
1537 1158 1810 1247 enfitor,
1850 1168 1974 1232 aut
2024 1155 2382 1256 particeps
2432 1154 2591 1230 suit.
2696 1153 2920 1228 Haud
2973 1153 3107 1228 erit
3141 1152 3451 1228 alienum
3492 1176 3643 1226 rem
3676 1161 3903 1226 totam

989 1276 1205 1376 paulo
1253 1276 1462 1352 altius
1509 1277 1882 1378 repetitam
1935 1288 2104 1352 ante
2154 1275 2404 1352 oculos
2454 1299 2744 1375 ponere.
2852 1272 3262 1349 Alexander
3315 1271 3628 1347 Humius
3678 1269 3902 1346 tribus

990 1397 1318 1497 princeps
1353 1397 1424 1472 in
1459 1397 1784 1499 flagranti
1821 1396 2013 1497 apud
2049 1395 2406 1472 Jacobum
2441 1406 2773 1496 quartum
2806 1396 3039 1494 gratia
3072 1393 3305 1482 suerit,
3338 1404 3412 1468 et
3446 1393 3540 1468 ab
3574 1417 3665 1468 eo
3700 1415 3901 1493 mag·

989 1543 1124 1593 nus
1177 1518 1439 1594 Scotiae
1491 1517 1940 1607 camerarius,
1979 1529 2059 1592 ut
2107 1527 2393 1605 vocant,
2430 1515 2695 1600 fa6tus,
2734 1514 2966 1615 (quod
3018 1514 3327 1590 officium
3376 1524 3449 1588 et
3500 1522 3703 1614 pater
3738 1524 3905 1588 ante

993 1637 1358 1737 gefferat,)
1388 1651 1460 1713 et
1495 1637 1822 1714 omnibus
1847 1636 2188 1713 limitibus
2220 1636 2629 1737 praefefituS,
2672 1635 3023 1710 Merciam
3046 1635 3507 1736 provinciam,
3534 1633 3904 1709 numerosa

995 1771 1213 1860 gente
1261 1771 1332 1834 et
1384 1759 1728 1835 clientelis
1776 1758 2208 1859 complexae,
2264 1782 2451 1858 pene
2505 1757 2691 1834 solus
2739 1754 3132 1845 obtinebat,
3189 1755 3516 1856 adeoque
3576 1765 3907 1831 caeteram

994 1904 1278 1956 omnem
1345 1879 1792 1955 nobilitatem
1857 1879 2181 1979 potentia
2237 1877 2457 1979 longe
2526 1876 2869 1952 anteibat.
3004 1875 3353 1952 Junxerat
3413 1886 3487 1951 et
3556 1875 3898 1951 affinitate

999 2001 1347 2076 Aranium
1382 2012 1455 2075 et
1493 1999 2120 2101 Monogamerium
2154 1998 2474 2088 comites,
2512 1998 2725 2100 hujus
2760 1997 2983 2074 dusta
3032 1998 3290 2084 sorore,
3326 1997 3423 2072 illi
3476 1998 3601 2072 sua
3652 1998 3723 2072 in
3757 2021 3904 2073 ma·

996 2121 1399 2195 trimonium
1457 2120 1858 2212 collocata3
1912 2119 2023 2195 his
2073 2119 2329 2221 opibus
2378 2120 2623 2209 fretus,
2676 2119 2993 2195 extimsto
3044 2143 3241 2219 rege,
3278 2142 3440 2193 cum
3486 2118 3737 2220 regina
3778 2142 3905 2192 nu·

998 2241 1234 2316 bendo
1270 2241 1471 2342 regni
1506 2240 1732 2316 tutela
1765 2239 2148 2332 excidisset,
2177 2264 2314 2316 nec
2347 2239 2439 2315 de
2474 2265 2771 2340 prorege
2794 2239 3103 2315 creando
3140 2239 3331 2314 domi
3366 2240 3547 2315 inter
3578 2263 3907 2340 proceres

998 2362 1428 2452 conveniret,
1484 2361 1797 2437 animum
1849 2361 1944 2436 ad
1994 2360 2401 2437 Johannem
2458 2360 2831 2436 Stuartum
2884 2360 3085 2436 ducis
3142 2359 3474 2435 Albaniae
3522 2359 3767 2450 filium,
3813 2359 3904 2434 ab

999 2482 1210 2557 exule
1258 2494 1462 2583 patre
1510 2483 1582 2556 in
1639 2481 1880 2557 Gallia
1936 2493 2391 2584 prognatum,
2434 2479 2527 2556 ad
2585 2481 2787 2580 regni
2838 2479 3325 2582 gubernacula
3385 2479 3909 2556 admovendum

1003 2603 1290 2704 adjecit,
1326 2602 1651 2704 adeoque
1686 2605 1757 2679 in
1794 2629 1954 2680 eam
1995 2627 2144 2679 rem
2193 2627 2460 2704 pronus
2510 2602 2709 2694 ierat,
2748 2615 2827 2678 ut
2882 2602 3319 2678 Archibaldo
3358 2601 3701 2704 Duglafio
3757 2601 3907 2678 An-

1001 2723 1198 2825 gufio
1235 2725 1628 2800 auscultare
1661 2725 2028 2812 recusavit,
2061 2723 2256 2800 haud
2292 2722 2421 2800 abs
2472 2749 2549 2798 re
2597 2724 2939 2809 monenti,
2975 2722 3113 2798 effe
3166 2749 3330 2798 eum
3371 2723 3525 2823 jam
3559 2729 3906 2811 exterum,

999 2870 1137 2921 nec
1169 2845 1434 2946 linguae
1468 2845 1804 2922 societate
1838 2846 1923 2922 iis
1947 2845 2303 2946 june'cum,
2341 2869 2477 2920 nec
2516 2844 2731 2918 moris
2788 2842 3163 2920 Scotorum
3209 2869 3535 2944 gnarum,
3570 2845 3767 2919 nulla
3812 2844 3905 2920 ab

1001 2984 1091 3034 eo
1126 2959 1472 3058 speranda
1506 2958 1836 3034 amicitiae
1870 2958 2123 3049 officia,
2160 2983 2298 3032 nec
2332 2982 2575 3033 carere
2616 2955 2951 3057 periculo,
2990 2956 3184 3056 quod
3219 2957 3289 3031 in
3344 2956 3499 3056 ejus
3557 2957 3907 3056 potestate

1003 3081 1338 3180 puerulus
1372 3105 1495 3156 rex
1527 3081 1802 3155 futurus
1837 3079 2030 3169 efl'et,
2088 3079 2290 3179 cujus
2323 3077 2469 3153 sola
2506 3078 2655 3152 vita·
2692 3103 2737 3152 a
2788 3102 3010 3178 regno
3063 3093 3443 3153 arceretur.
3550 3087 3598 3122 “
3637 3079 3907 3169 Quin,”

1006 3198 1257 3300 inquit,
1291 3199 1722 3289 Alexander,
1761 3199 2046 3274 nomine
2075 3223 2236 3273 eum
2265 3197 2705 3272 familiariter
2726 3197 3183 3299 compellans,
3226 3207 3273 3244 “
3300 3197 3638 3298 partimur
3672 3199 3907 3300 potius

1005 3320 1450 3420 provincias;
1526 3332 1598 3394 et
1656 3332 1736 3394 tu
1794 3319 2160 3394 limitanea
2213 3343 2303 3392 ac
2370 3318 2871 3394 cisforthanam
2932 3318 3297 3419 regionem
3366 3318 3906 3420 gubernandam

1006 3442 1296 3541 suscipe,
1353 3439 1523 3515 mihi
1559 3439 2172 3524 tranfforthanam,
2224 3450 2299 3513 et
2354 3437 2669 3514 borealia
2704 3439 3015 3514 cedito.”
3123 3439 3253 3514 Ille
3288 3452 3529 3517 tamen
3572 3440 3906 3517 immotus

1008 3559 1350 3661 profeffus
1384 3560 1621 3660 palam
1657 3560 1728 3634 in
1763 3559 2064 3634 concilio
2099 3559 2203 3634 est
2229 3560 2301 3634 se
2335 3559 2448 3634 vel
2485 3559 2731 3649 solum,
2769 3559 2817 3634 fi
2842 3559 2961 3634 alii
2989 3561 3513 3653 cunctarentur,
3552 3560 3908 3638 Joannem

1009 3680 1492 3757 redufi'turum.
1600 3678 1839 3755 Credo
1875 3679 2172 3754 veritum
2206 3679 2279 3754 in
2315 3679 2552 3767 infida,
2590 3692 2669 3755 ut
2702 3680 2801 3769 fit,
2841 3681 3040 3782 regni
3086 3681 3446 3773 societate,
3483 3679 3536 3756 fi
3570 3682 3743 3784 quid
3778 3682 3909 3758 dis-

1015 3800 1180 3877 cidii
1241 3800 1626 3902 aliquando
1685 3803 2002 3892 oriretur,
2067 3827 2159 3876 ne
2199 3799 2520 3901 Angufio
2578 3801 2796 3902 Angli
2853 3801 3195 3880 affinitate
3252 3801 3559 3890 suffult0,
3611 3802 3911 3880 duxerat

1015 3923 1206 3998 enim
1243 3921 1564 4022 reginam
1619 3921 2107 4023 Margaretam
2153 3920 2447 3997 Henrici
2486 3921 2707 4022 Angli
2757 3923 3085 4014 sororem,
3140 3922 3367 4024 impar
3417 3923 3612 4012 effet,
3660 3923 3788 4000 nifi
3838 3939 3909 4002 et

1013 4047 1160 4146 ipse
1195 4057 1486 4120 externo
1521 4043 1762 4143 aliquo
1818 4043 2080 4118 auxilio
2137 4044 2523 4134 niteretur3
2578 4042 2715 4117 hoc
2767 4055 3007 4119 autem
3066 4069 3209 4120 non
3269 4044 3578 4132 aliunde,
3614 4071 3832 4147 quam
3866 4071 3911 4122 a

1017 4165 1250 4243 Gallis
1307 4163 1774 4266 sperandum;
1825 4190 1959 4240 nec
1994 4190 2038 4239 a
2077 4163 2309 4239 Gallis
2369 4163 2511 4238 alia
2562 4188 2781 4264 quam
2836 4162 3081 4239 Albini
3136 4190 3378 4265 opera,
3433 4191 3648 4267 quem
3707 4179 3909 4244 tanto

1010 4287 1358 4364 beneficio
1413 4284 1846 4371 devinfitum,
1898 4297 1967 4360 et
2028 4284 2459 4384 gratitudine
2518 4283 2942 4385 postulante,
3002 4296 3077 4360 et
3132 4285 3541 4362 neceffitate
3584 4299 3905 4389 urgente,

1010 4433 1154 4483 non
1211 4407 1331 4481 alii
1389 4406 1622 4507 magis
1673 4406 1978 4492 fisurum,
2036 4430 2179 4480 non
2217 4405 2397 4480 alius
2453 4404 2686 4506 magis
2719 4429 2937 4506 quam
2970 4399 3095 4481 sua
3151 4432 3371 4508 opera
3416 4409 3723 4494 usurum,
3777 4433 3911 4485 nec

1015 4529 1232 4604 alium
1267 4526 1485 4601 ullum
1521 4513 1753 4627 magis
1785 4526 2292 4601 honoraturum
2327 4525 2679 4625 sperabat.
2785 4525 3041 4627 Itaque
3074 4527 3148 4602 in
3184 4528 3495 4628 incoepto
3546 4529 3830 4630 perstat,
3868 4557 3910 4606 e

1017 4650 1261 4726 Gallia
1297 4647 1818 4732 accersendum,
1856 4647 2111 4722 ducem
2147 4656 2222 4722 et
2258 4645 2551 4722 Merciae
2588 4646 2918 4722 comitem
2979 4645 3509 4736 declarandum,
3545 4667 3620 4725 et
3676 4675 3910 4751 prore·

1011 4797 1180 4875 gem
1216 4768 1307 4846 ad
1343 4781 1692 4844 maturam
1742 4769 1963 4868 usque
1998 4767 2187 4868 regis
2220 4778 2507 4842 aetatem
2554 4766 2938 4843 creandum
2972 4781 3196 4844 curat.
3304 4767 3407 4844 Ut
3443 4769 3911 4846 Britanoduni

1013 4890 1354 4996 appulisse
1405 4887 1774 4981 intellexit,
1842 4887 2153 4976 festinat,
2189 4899 2268 4964 ut
2314 4887 2481 4964 inde
2516 4888 2803 4966 exeunti
2855 4888 2924 4964 in
2985 4889 3234 4966 itinere
3292 4902 3662 4984 occurrat;
3716 4891 3911 4968 varia
