4575 6042
985 733 1080 806 52
1901 724 2044 803 DE
2101 725 2557 804 FAMILIA
2611 724 2971 804 HUMIA

994 961 1083 1010 eo
1119 948 1242 1011 aut
1276 934 1501 1036 pedes
1534 945 1658 1011 aut
1693 959 1916 1035 equos
1950 935 2309 1034 saepiffime
2344 936 2547 1012 cursu
2582 948 2877 1012 certare.
2984 936 3082 1012 Et
3117 961 3343 1037 equos
3394 935 3684 1036 quidem
3736 959 3890 1034 per·

993 1055 1366 1130 niciffimos
1419 1055 1952 1156 quanticunque
2020 1067 2094 1130 et
2152 1055 2612 1158 undicunque
2681 1056 3170 1158 comparabat,
3238 1081 3327 1132 ex
3388 1055 3659 1132 boreali
3720 1055 3891 1130 Sco·

993 1187 1228 1250 torum
1271 1175 1514 1265 limite,
1555 1187 1680 1250 aut
1725 1200 1814 1250 ex
1855 1175 2144 1275 Anglia,
2201 1176 2452 1252 Grami
2507 1177 2733 1254 exulis
2787 1204 3029 1279 opera,
3087 1203 3301 1278 quem
3336 1203 3381 1253 a
3421 1175 3893 1252 Lochinvario

995 1296 1570 1372 commendatum
1599 1295 1790 1396 apud
1813 1296 1885 1371 se
1909 1295 2247 1388 habebat,
2279 1297 2797 1400 diligentiffime
2825 1297 3251 1399 conquifitos
3274 1326 3295 1382 ς
3322 1297 3491 1374 octo
3519 1295 3889 1382 interdum,

996 1427 1121 1490 aut
1155 1417 1387 1516 plures
1423 1441 1641 1491 unum
1677 1414 1767 1491 ad
1804 1427 2164 1492 certamen
2200 1416 2393 1493 domi
2427 1429 2715 1518 paratos
2750 1417 3085 1508 habebat,
3121 1430 3200 1494 ut
3225 1444 3408 1505 raro,
3434 1417 3558 1493 nifi
3584 1416 3655 1493 in
3682 1414 3893 1516 ipfius

995 1537 1306 1636 domum,
1363 1537 1622 1638 palma,
1661 1549 1734 1612 et
1769 1537 2007 1613 cursus
2059 1537 2366 1640 pretium
2401 1537 2812 1629 deferretur,
2850 1539 2979 1614 nifi
3032 1538 3221 1640 quod
3265 1537 3644 1624 RobertuS,
3679 1560 3893 1637 quem

995 1657 1319 1748 diximus,
1373 1657 1445 1733 id
1499 1657 1884 1759 aliquando
1939 1659 2335 1759 reportarit,
2392 1659 2748 1760 praecipue
2800 1661 3007 1761 nigro
3042 1659 3352 1760 quodam
3410 1684 3621 1759 equ0,
3681 1682 3897 1757 quem

995 1778 1252 1864 nullus,
1289 1779 1528 1880 quoad
1557 1779 1752 1866 vixit,
1779 1804 2065 1880 aequare
2093 1780 2349 1879 potuit.
2439 1780 2595 1881 Ipse
2631 1781 2846 1856 etiam
2876 1782 3031 1881 ejus
3058 1781 3226 1856 artis
3272 1791 3514 1856 tantus
3540 1779 3891 1878 magister,

995 1910 1075 1973 ut
1109 1899 1291 2002 saepe
1327 1900 1692 2000 superatus
1728 1925 1893 1976 cum
1927 1899 2118 1989 effet,
2158 1899 2418 1975 octavo
2454 1901 2609 2001 post
2634 1901 2750 1976 die
2787 1900 3082 2002 duplum
3112 1901 3522 2002 deponeret,
3554 1925 3642 1974 ac
3669 1899 3896 1973 victor

995 2018 1352 2096 evaderet.
1459 2019 1905 2095 Memoratur
1937 2018 2118 2096 duos
2171 2020 2475 2122 ipsorum
2514 2020 2856 2122 (Davidis
2910 2012 2983 2098 et
3023 2019 3355 2116 Roberti)
3407 2045 3631 2120 equos
3684 2017 3894 2092 toties

997 2140 1199 2214 cursu
1235 2152 1587 2241 expertOS,
1622 2153 1696 2214 et
1729 2164 1918 2214 nunc
1949 2138 2164 2225 hunc,
2199 2165 2389 2216 nunc
2417 2141 2614 2216 illum
2638 2142 3005 2231 victorem,
3041 2154 3116 2217 ut
3142 2141 3301 2242 quis
3327 2141 3579 2242 saepius
3605 2137 3887 2227 viciffet,

994 2261 1112 2334 vix
1145 2260 1452 2349 sciretur,
1490 2259 1780 2335 tandem
1816 2260 2116 2334 alterum
2151 2260 2220 2334 in
2257 2262 2643 2337 certamine
2698 2265 2911 2362 (puto
2942 2261 3239 2337 Davidis
3264 2260 3505 2359 fuiffe)
3542 2271 3897 2334 mortuum

997 2380 1418 2456 concedifl'e.
1529 2380 1807 2480 Saepius
1841 2381 2059 2454 etiam
2091 2381 2375 2481 longius
2408 2382 2807 2482 spectatum
2833 2384 3047 2458 domo
3074 2382 3245 2472 ibat,
3280 2380 3644 2456 Hadinam
3678 2378 3897 2480 usque

999 2510 1124 2574 aut
1162 2498 1520 2574 Piblifium
1561 2500 1720 2600 (illa
1754 2499 2178 2590 octodecim,
2217 2500 2373 2576 haec
2406 2501 2653 2602 viginti
2690 2515 2995 2602 quatuor
3031 2502 3336 2578 millibus
3388 2501 3636 2576 aberat
3688 2498 3887 2597 urbs)

998 2647 1084 2695 ac
1119 2619 1355 2720 plures
1389 2621 1627 2710 etiam,
1665 2620 1937 2721 ingenti
1973 2645 2131 2696 curn
2169 2623 2536 2712 comitatu,
2567 2623 2977 2718 morabatur
3003 2623 3175 2713 dies,
3216 2621 3554 2722 impendii
3588 2620 3893 2706 securus,

1003 2741 1206 2840 cujus
1242 2741 1459 2815 nimia
1495 2765 1666 2816 cura
1699 2740 1978 2816 sordida
2013 2751 2165 2815 tum
2198 2740 2622 2829 habebatur,
2656 2768 2792 2820 nec
2826 2743 2992 2818 satis
3027 2769 3117 2818 ex
3148 2742 3494 2817 nobilium
3522 2741 3890 2842 dignitate.

1005 2863 1133 2939 Ille
1167 2862 1552 2939 honorifice
1589 2888 1675 2938 ac
1709 2861 2076 2964 splendida
2109 2863 2180 2936 in
2218 2863 2431 2938 domo
2468 2864 2791 2954 eductus,
2824 2889 3020 2939 arma
3055 2864 3387 2949 tractare,
3410 2863 3673 2947 venari,
3700 2862 3895 2961 equi-

999 2997 1171 3074 tare,
1203 2983 1525 3084 jaculari,
1565 3009 1789 3085 equos
1825 2983 2036 3073 alere,
2077 2982 2256 3058 aleae
2292 2983 2513 3060 etiam
2548 2997 2623 3060 et
2654 2985 2984 3059 foliorum
3034 2985 3203 3059 ludo
3254 2983 3624 3068 delectari,
3658 2983 3758 3060 rei
3790 2983 3894 3058 fa·

999 3106 1290 3181 miliaris
1324 3117 1398 3179 et
1429 3103 1715 3180 familiae
1753 3129 2023 3190 curam,
2059 3129 2277 3204 quam
2304 3129 2643 3204 magnam
2679 3103 2939 3194 alebat,
2974 3131 3059 3180 ac
3086 3130 3235 3180 rem
3264 3127 3547 3179 omnem
3573 3101 3895 3178 domesti-

1002 3253 1161 3303 cam
1197 3225 1553 3315 uxoribus,
1586 3238 1735 3313 aut,
1768 3249 1933 3300 cum
1969 3249 2262 3298 uxorem
2298 3250 2441 3299 non
2478 3223 2813 3315 habebat,
2844 3225 3129 3301 famulis
3155 3223 3666 3301 committebat.
3760 3222 3897 3296 Ita-

1001 3373 1143 3449 que
1177 3373 1311 3422 nec
1342 3347 1539 3421 auxit
1573 3345 2072 3446 patrimonium
2108 3369 2241 3418 nec
2274 3344 2575 3436 minuit;
2613 3358 2960 3446 quantum
2988 3373 3032 3421 a
3055 3345 3443 3446 majoribus
3470 3344 3768 3444 accepit,
3808 3342 3898 3418 ad

1001 3469 1224 3543 filium
1258 3464 1650 3541 transmifit.

1103 3587 1268 3663 Nec
1287 3587 1468 3660 inter
1493 3585 1820 3658 minimas
1846 3585 2158 3674 virtuteS,
2192 3584 2444 3660 domus
2478 3583 2762 3662 Humiae
2787 3611 3102 3662 amorem
3130 3610 3611 3662 annumerem.
3686 3585 3899 3660 Alex-

1007 3707 1226 3782 ander
1260 3705 1607 3806 princeps,
1647 3705 1816 3778 dum
1850 3704 2176 3780 secundis
2210 3705 2422 3782 rebus
2480 3719 2814 3796 uteretur,
2854 3707 3108 3806 partim
3159 3707 3601 3783 inimicorum
3636 3706 3899 3782 calum-

1006 3829 1141 3904 niis
1176 3828 1524 3904 alienatus
1557 3828 1812 3917 fuerat,
1852 3825 2049 3927 quafi
2083 3827 2268 3902 illius
2304 3827 2559 3902 aemula
2593 3827 2845 3903 domus
2881 3853 2969 3902 ea
3003 3853 3243 3928 parem
3272 3829 3344 3903 se
3370 3839 3672 3928 gereret,
3710 3827 3905 3927 quod

1009 3953 1080 4026 in
1137 3948 1291 4049 ejus
1345 3948 1658 4025 dedecus
1692 3973 1988 4048 vergere
2052 3947 2671 4048 interpretabatur,
2730 3964 2802 4024 et
2861 3949 3180 4048 praelium
3234 3949 3328 4024 ad
3378 3947 3901 4024 Wedderburni

1007 4071 1281 4162 horrea,
1320 4084 1394 4146 et
1428 4081 1703 4170 patrem
1737 4067 1836 4145 ibi
1874 4080 2185 4169 captum,
2227 4068 2561 4144 invidiose
2596 4069 3133 4160 memorabant;
3172 4071 3427 4170 partim
3460 4069 3653 4169 quod
3690 4095 3903 4145 avun-

1009 4193 1207 4270 culos
1245 4189 1652 4292 DuglafiOS,
1689 4213 1833 4290 qua
1881 4191 2182 4264 omnino
2237 4189 2599 4289 opportuit
2654 4214 2740 4265 ac
2796 4189 3036 4264 decuit
3088 4189 3555 4280 observantia,
3594 4190 3901 4274 coleret;

1009 4314 1266 4414 partim
1303 4313 1420 4412 (ut
1453 4311 1711 4409 fertur)
1751 4311 1823 4385 in
1861 4307 2364 4385 Blacadarium
2416 4321 2767 4409 patruum,
2806 4335 3022 4410 quem
3072 4308 3364 4385 honeste
3407 4309 3727 4386 deserere
3762 4336 3901 4386 non

1008 4435 1264 4534 potuit,
1313 4433 1551 4508 nescio
1601 4456 1747 4532 qua
1793 4429 1884 4506 de
1934 4430 2167 4519 causa,
2208 4429 2397 4504 odio.
2507 4430 2671 4518 Quo
2706 4430 2981 4505 factum
3019 4441 3097 4505 ut
3129 4430 3520 4506 factionem
3556 4431 3623 4506 ei
3658 4431 3900 4508 adver-

1012 4555 1160 4630 sam
1216 4555 1509 4643 foveret,
1576 4563 1648 4627 et
1704 4550 2093 4627 Alexandri
2157 4549 2668 4636 Manderstoni,
2724 4550 3163 4650 aliorumque
3211 4551 3491 4627 suorum
3545 4553 3903 4628 clientium

1012 4675 1355 4750 comitatu
1389 4698 1548 4748 eam
1577 4671 1882 4760 -fulciret,
1923 4670 2208 4770 aliaque
2253 4671 2524 4747 faceret
2555 4670 2748 4746 haud
2783 4671 2948 4746 satis
2984 4671 3218 4758 amici,
3254 4697 3381 4772 pro
3415 4672 3669 4748 domus
3700 4675 3904 4748 meri·

1007 4797 1123 4885 tis,
1163 4794 1378 4869 animi
1413 4792 1697 4868 indicia.
1806 4790 1990 4878 Quae
2025 4791 2264 4866 omnia
2303 4790 2543 4866 David
2577 4790 2742 4866 satis
2777 4792 3128 4891 patienter
3160 4793 3571 4893 pertulerat,
3600 4805 3672 4868 et
3704 4793 3906 4869 nihil·

1013 4916 1291 4995 ominus
1325 4939 1512 5005 eum,
1550 4937 1696 5014 qua
1728 4911 1981 5014 potuit,
2021 4911 2359 4999 coluerat,
2398 4923 2475 4988 ut
2500 4912 2787 4988 familiae
2823 4924 2895 4988 et
2928 4911 3150 4988 tribus
3178 4924 3413 5013 caput,
3446 4911 3611 4991 huic
3637 4913 3905 4988 nomini
