4575 6042
1571 747 2634 829 WEDDERBURNENSI:
3464 762 3551 841 17

632 961 778 1062 ipse
822 957 1228 1046 festinabat,
1263 971 1337 1035 et
1371 959 1666 1036 clientes
1715 960 2008 1062 quidem
2059 961 2382 1064 impigre,
2421 963 2616 1065 quod
2668 963 3085 1040 mandatum
3120 975 3297 1050 erat,
3331 967 3545 1042 facie·

633 1080 854 1174 bant3
912 1094 1154 1157 tamen
1212 1081 1490 1182 patroni
1543 1107 1715 1158 cura
1747 1107 1912 1156 eum
1966 1081 2377 1172 admonent,
2413 1097 2493 1159 ut
2528 1087 2599 1161 se
2648 1085 2721 1159 in
2758 1111 2946 1187 equo
2992 1087 3379 1173 contineat,
3412 1112 3549 1164 nec

635 1215 906 1279 temere
941 1203 1254 1290 armatis,
1312 1203 1578 1303 quippe
1624 1203 1988 1294 inermem,
2028 1203 2369 1304 objiciat3
2407 1205 2667 1306 quibus
2700 1206 2845 1292 ille,
2906 1215 2953 1252 ‘⁴
2985 1207 3255 1297 Quin,”
3292 1208 3545 1309 inquit,

640 1325 1021 1399 “tunicam
1054 1323 1264 1414 hanc,
1321 1349 1466 1424 qua
1501 1322 1775 1414 induor,
1815 1323 2136 1424 pellitam
2177 1323 2474 1412 inverte,
2510 1352 2695 1427 quae,
2735 1352 2898 1402 cum
2934 1327 3348 1404 intrinsecus
3377 1354 3541 1404 can-

637 1443 806 1519 dida
839 1443 945 1530 fit,
980 1444 1218 1520 loricae
1253 1445 1557 1545 speciem
1610 1443 1928 1530 hostibus
1955 1444 2337 1544 praebitura
2372 1446 2475 1522 est
2500 1450 2575 1538 ;'’
2634 1460 2732 1533 et,
2769 1473 2931 1523 cum
2968 1448 3191 1538 ἀίἇὶο,
3230 1475 3319 1524 ex
3354 1475 3544 1550 equo

636 1562 958 1640 desiliens
992 1565 1452 1667 popularibus
1487 1566 1561 1640 se
1587 1565 1981 1656 immiscuit,
2023 1565 2354 1667 adeoque
2383 1567 2659 1644 strenue
2696 1570 3064 1669 pugnavit,
3098 1582 3173 1645 ut
3200 1571 3545 1646 summam

605 1686 728 1762 -ab
763 1684 1094 1761 omnibus
1129 1686 1415 1763 laudem
1451 1687 1815 1761 meruerit.
1921 1687 2196 1777 Altera,
2253 1688 2448 1789 quod
2487 1688 3001 1765 Boumacarius
3052 1690 3344 1790 quidam
3380 1716 3548 1792 cog-

636 1806 943 1898 nomine,
993 1809 1116 1884 seu
1156 1807 1609 1908 Toxopoium
1666 1807 2045 1894 malumus,
2078 1833 2351 1908 paucos
2402 1809 2557 1910 post
2611 1809 2784 1900 dies»,
2823 1835 2987 1886 cum
3036 1811 3109 1885 in
3150 1812 3547 1914 Anglorum

639 1953 893 2004 manus
925 1919 1118 2004 forte
1145 1928 1510 2019 incidisset,
1549 1927 1792 2003 multis
1826 1953 1989 2004 cum
2023 1928 2425 2030 lachrymis,
2466 1921 2889 2032 deprecatus
2923 1931 3219 2019 dicitur;
3254 1933 3547 2010 subinde

641 2049 979 2146 dictitans
1014 2051 1086 2124 se
1139 2049 1366 2150 proelii
1403 2049 1495 2124 ad
1542 2049 1848 2139 Kellam,
1888 2048 1982 2125 fic
2014 2061 2309 2125 vocatur
2342 2051 2563 2138 vicus,
2609 2052 2769 2127 loco
2821 2051 2942 2126 ubi
2996 2065 3397 2153 pugnatum
3447 2054 3550 2130 est

642 2170 1026 2272 proximus,
1065 2170 1258 2246 haud
1285 2170 1701 2272 participem
1730 2170 1955 2256 fuiffe,
1983 2171 2200 2246 immo
2228 2171 2412 2247 adeo
2440 2173 2827 2264 innoxium,
2860 2185 2959 2264 ut,
2997 2175 3147 2274 ipso
3176 2175 3549 2251 conflictus

639 2304 981 2392 tempore,
1023 2290 1215 2367 domi
1250 2291 1482 2392 pultes
1532 2291 1958 2392 pranderet3
2018 2291 2194 2366 abiit
2229 2304 2610 2394 utrumque
2663 2295 2733 2369 in
2774 2293 3219 2394 proverbium
3252 2297 3325 2370 in
3361 2297 3549 2372 hunc

636 2415 858 2514 usque
894 2411 1088 2489 diem
1139 2414 1577 2513 usurpatum,
1629 2410 2059 2512 Langtonii
2086 2413 2311 2488 lorica
2362 2426 2434 2490 et
2464 2413 2949 2492 Boumacarii
2967 2419 3324 2516 purgatio
3347 2447 3377 2503 ,·
3428 2418 3549 2493 illa

635 2536 894 2609 fortem
928 2533 1400 2620 securitatem,
1437 2532 1590 2609 haec
1623 2533 1960 2634 ignavam
1995 2533 2499 2626 innocentiam,
2541 2548 2666 2612 aut
2700 2538 3153 2612 innocentem
3186 2539 3549 2640 ignaviam

642 2654 1036 2757 designant.
1147 2654 1533 2744 Caeterum,
1571 2678 1684 2729 res
1717 2653 1938 2754 gesta,
1979 2655 2049 2728 in
2079 2654 2317 2730 aulam
2343 2655 2639 2755 perlata,
2670 2669 2877 2757 grata
2910 2657 3063 2758 regi
3090 2659 3248 2746 fuit,
3283 2655 3551 2760 gratos-

641 2801 784 2876 que
819 2775 921 2850 illi
961 2774 1270 2850 Humios
1314 2774 1645 2851 reddidit.
1750 2773 1849 2850 Et
1884 2775 2117 2850 aulica
2152 2777 2385 2876 gratia
2425 2777 2734 2853 Patricio
2763 2780 3089 2878 quaestori
3123 2778 3411 2855 laudem
3448 2783 3547 2856 as·

633 2896 903 2972 cribere
937 2897 1282 2996 majorem
1315 2896 1733 2998 satagebat3
1785 2896 1975 2971 domi
2013 2896 2293 2988 veritas,
2334 2909 2407 2973 et
2456 2897 2745 2999 publica
2779 2900 2975 2975 fama
3012 2898 3276 2974 Davidi
3324 2895 3546 2976 ¹vindi-

636 3017 874 3093 cabat.
981 3016 1052 3093 Is
1089 3017 1273 3092 adeo
1307 3017 1487 3092 hosti
1515 3015 1983 3093 formidabilis
1994 3018 2150 3118 jam
2186 3017 2350 3106 effe,
2378 3044 2513 3094 nec
2534 3046 2577 3094 a
2605 3029 2903 3121 paterna
2928 3021 3125 3096 caede
3148 3019 3551 3096 ulciscenda

635 3138 983 3229 defistere,
1017 3136 1253 3240 ‘donec
1287 3149 1439 3213 tota
1475 3163 1656 3238 gens
1705 3139 1871 3214 satis
1906 3153 2121 3214 antea
2153 3141 2549 3227 numerosa,
2597 3165 2759 3241 quae
2795 3141 2949 3240 ejus
2986 3141 3240 3217 auctor
3272 3141 3546 3217 fereba-

635 3273 775 3346 tur,
810 3272 936 3334 aut
971 3258 1063 3336 ad
1099 3258 1658 3336 internecionem
1693 3261 1896 3350 caesa,
1929 3271 2053 3335 aut
2087 3260 2313 3334 solum
2346 3272 2621 3336 vertere
2656 3262 2915 3338 coacta
2948 3260 3053 3348 fit,
3089 3278 3169 3337 ut
3220 3263 3374 3363 ejus
3424 3287 3548 3337 no-

639 3381 846 3456 minis
881 3406 1092 3457 nemo
1128 3381 1311 3455 intra
1346 3378 2012 3482 quinquagesimum
2047 3407 2090 3456 a
2140 3380 2367 3456 limite
2408 3380 2721 3484 lapidem
2756 3383 3222 3485 reperiretur3
3261 3384 3351 3460 de
3403 3408 3547 3485 quo

639 3501 856 3578 illud:
2249 3527 2256 3534 ·

1182 3728 1381 3805 Dum
1415 3740 1490 3805 te
1524 3730 1638 3805 fas
1665 3742 1934 3820 contra,
1973 3741 2046 3806 et
2073 3732 2230 3829 puri
2264 3733 2387 3834 pia
2411 3733 2577 3834 jura
2610 3734 2830 3810 duelli

1284 3849 1725 3926 Confectum
1759 3862 1834 3927 et
1869 3850 2101 3942 dole0,
2143 3864 2216 3928 et
2251 3854 2559 3941 vindic0‚
2594 3881 2859 3957 magne
2894 3868 3121 3958 pater,

1187 3969 1400 4045 Kella
1433 3971 1652 4070 pium,
1691 3996 1827 4046 nec
1861 3971 2293 4074 degenerem
2327 3999 2443 4049 me
2478 3974 2671 4066 vidit,
2712 3989 2786 4051 et
2820 3977 3073 4052 auctor

1285 4090 1625 4191 Quisquis
1660 4103 1838 4180 erat,
1872 4094 2127 4168 merita
2161 4094 2432 4194 gaudia
2464 4108 2691 4172 morte
2724 4097 2879 4172 luit.

1185 4209 1486 4288 Umbria
1517 4236 1687 4298 non,
1720 4238 1865 4288 non
1905 4212 2096 4288 Tina
2129 4225 2255 4289 tuo
2289 4215 2363 4290 se
2396 4217 2645 4292 funere
2670 4217 2955 4317 jactam

1281 4332 1599 4434 Expetii,
1635 4344 1707 4408 et
1741 4359 1992 4434 poenas
2025 4333 2297 4411 hostica
2329 4347 2515 4412 terra
2551 4337 2771 4414 dedit.

1193 4453 1565 4530 Obstiterit
1599 4453 1738 4529 vivi
1771 4467 1895 4530 tua
1928 4454 2160 4556 gloria
2183 4483 2208 4548 ς
2235 4481 2427 4534 mors
2461 4468 2588 4533 tua
2622 4460 2905 4534 causam

1285 4574 1702 4662 Praebuerit,
1734 4575 1931 4650 laudi
1966 4575 2481 4679 materiemque
2512 4604 2718 4656 meae.

736 4817 877 4895 Hic
913 4819 1105 4895 idem
1142 4819 1234 4894 ad
1274 4817 1725 4904 Fluidonem,
1771 4799 2020 4920 proelio
2063 4842 2208 4918 quo
2243 4818 2464 4894 caefus
2516 4817 2619 4894 est
2664 4817 2983 4895 ,Iacobus
3025 4832 3343 4920 quartus,
3380 4847 3543 4898 cum

639 4940 1057 5016 Alexandro
1097 4938 1368 5016 Humio
1402 4939 1706 5016 nominis
1732 4940 2072 5040 principe,
2106 4940 2366 5016 fortem
2401 4963 2693 5040 operam
2736 4941 3076 5041 praestitit,
3131 4943 3543 5045 profligatis-

3109 5086 3154 5139 C
