4575 6042
990 745 1085 812 54
1909 734 2050 811 DE
2105 731 2567 812 FAMILIA
2623 731 2980 808 HUMIA

990 936 1334 1036 suscipere
1383 934 1746 1027 voluiffet3
1801 960 2044 1010 verum
2079 933 2424 1010 charitate
2472 934 2573 1008 sui
2620 934 2945 1024 nominis,
2978 935 3148 1009 dum
3183 946 3457 1011 mutare
3492 935 3565 1010 id
3600 936 3897 1026 recusat,

993 1068 1195 1157 pater
1249 1084 1373 1132 eas
1419 1058 1526 1144 iis,
1563 1060 1684 1159 qui
1735 1083 1924 1132 nunc
1969 1080 2092 1131 eas
2146 1054 2511 1156 possident,
2553 1053 3084 1155 Elphinstoniis,
3124 1081 3213 1130 eo
3266 1057 3643 1156 praeterito,
3684 1057 3896 1132 ceffit.

996 1176 1232 1277 Hujus
1283 1177 1466 1253 filius
1517 1191 1666 1254 erat
1712 1159 2025 1277 ejusdem
2075 1176 2381 1250 nominis
2438 1174 2807 1251 Gilbertus
2858 1201 3149 1276 quoque
3202 1176 3462 1264 dictus,
3514 1178 3594 1267 is,
3653 1179 3775 1279 qui
3826 1179 3897 1253 in

993 1299 1237 1398 praelio
1274 1300 1482 1400 supra
1519 1299 1884 1375 Hadinam
1919 1325 1962 1372 a
2003 1296 2367 1372 Gulielmo
2401 1295 2843 1396 Duglafiano
2879 1309 3129 1371 contra
3167 1296 3479 1373 Perflum
3508 1297 3897 1374 Northum·

995 1418 1163 1494 briae
1198 1420 1522 1520 regulum
1563 1421 1786 1510 fafito,
1827 1419 2106 1503 cecidit,
2149 1443 2361 1517 quem
2404 1417 2885 1492 Buchananus
2918 1417 3153 1492 noster
3186 1419 3375 1493 male
3412 1418 3897 1495 Alexandrum

993 1553 1247 1633 vocat3
1287 1541 1495 1641 hujus
1528 1541 1710 1617 filius
1739 1539 2112 1630 Adamus;
2151 1551 2224 1614 et
2259 1539 2418 1638 ejus
2456 1540 2709 1614 iterum
2740 1537 3150 1625 Gilbertus;
3191 1537 3495 1614 Gilberti
3527 1539 3897 1625 Andreas;

994 1661 1222 1762 hujus,
1255 1662 1566 1761 inquam,
1605 1662 1822 1737 filiam
1859 1672 2030 1736 natu
2064 1675 2390 1761 quartam
2428 1660 2649 1734 duxit.
2711 1658 2897 1733 Duae
2932 1671 3117 1734 natae
3140 1659 3447 1734 maxime
3476 1671 3642 1734 ante
3670 1660 3901 1735 eloca-

995 1796 1087 1856 tae
1132 1783 1434 1873 fuerant,
1487 1809 1627 1858 una
1671 1781 2116 1866 Cranstonio,
2153 1781 2375 1856 altera
2412 1779 2651 1854 Farlio
2692 1780 3004 1872 Bradi03
3060 1781 3339 1855 tertiam
3396 1779 3898 1857 Elizabetham

994 1904 1138 2004 ipse
1191 1905 1548 2005 praeteriit,
1614 1903 1808 2004 quod
1865 1927 2156 2002 corpore
2213 1901 2428 2000 paulo
2478 1900 2899 1975 habitiorem
2953 1914 3027 1975 et
3085 1899 3475 1976 obefiorem
3538 1903 3897 2003 (quamvis

997 2023 1260 2126 alioqui
1314 2024 1666 2126 pulchrior
1714 2021 1922 2121 esset)
1970 2022 2210 2097 liberis
2261 2020 2640 2123 gignendis
2691 2022 2925 2097 minus
2986 2035 3228 2122 aptam
3286 2023 3441 2098 fore
3500 2021 3899 2097 videbatur.

1001 2148 1217 2237 Quod
1258 2161 1500 2223 tamen
1541 2158 1786 2222 contra
1834 2144 2069 2234 ceffit3
2126 2169 2294 2218 nam
2330 2142 2485 2244 post
2518 2143 2759 2243 paulo,
2794 2154 3019 2243 nupta
3058 2143 3365 2219 Andreae
3407 2142 3599 2218 Caro
3638 2142 3895 2218 Fadin-

995 2267 1188 2359 fidio,
1221 2270 1413 2369 prius
1439 2267 1787 2367 concepit,
1821 2279 1893 2340 et
1919 2266 2333 2340 nunciatum
2361 2264 2427 2340 ei
2453 2262 2633 2337 misit
2659 2263 2797 2338 effe
2833 2263 2903 2338 se
2939 2276 3449 2363 praegnantem,
3490 2277 3561 2339 et
3594 2263 3911 2365 spretam.

997 2391 1091 2478 se,
1131 2388 1371 2489 quoad
1404 2389 1594 2477 vixit,
1635 2387 1940 2488 graviter
1965 2385 2148 2460 tulit.
2254 2384 2373 2459 De
2405 2384 2637 2460 Maria
2668 2394 2931 2473 autem,
2969 2385 3183 2460 liceat
3216 2385 3387 2458 mihi
3422 2385 3537 2460 hic
3571 2385 3892 2475 scribere,

999 2509 1191 2610 quod
1229 2509 1320 2584 ab
1355 2508 1682 2584 omnibus
1715 2505 1958 2608 paffim
1994 2506 2286 2594 dietum,
2332 2507 2677 2606 nusquam
2731 2505 2949 2579 ullam
3000 2506 3071 2579 se
3122 2504 3455 2604 cognoss'e
3504 2505 3909 2593 foeminam,-

1001 2653 1161 2728 quae
1209 2653 1368 2702 eam
1409 2628 1664 2702 virtute
1716 2626 1908 2701 omni
1954 2624 2278 2700 muliebri
2326 2637 2664 2725 aequaret.
2772 2625 3013 2699 Tanta
3051 2624 3369 2700 bonitate
3404 2627 3475 2699 in
3513 2651 3779 2708 omnes,
3817 2627 3897 2702 li-

1006 2748 1375 2824 beralitate
1411 2750 1480 2821 in
1517 2772 1888 2848 paupereS‚
1930 2746 2294 2847 eroganda
2345 2747 2676 2846 pecunia,
2722 2746 2940 2834 νίἆὲυ,
2994 2746 3291 2837 vestitu,
3348 2748 3531 2846 saepe
3573 2746 3697 2823 illa
3737 2774 3899 2822 cum

998 2870 1170 2944 nihil
1207 2869 1396 2943 aliud
1433 2880 1758 2969 paratum
1795 2868 1885 2942 ad
1923 2893 2211 2942 manum
2245 2865 2563 2956 haberet,
2602 2865 2830 2942 vestes
2861 2866 3100 2942 liberis
3146 2868 3283 2941 suis
3329 2867 3776 2954 detrahebat,
3828 2885 3899 2944 et

997 3016 1348 3091 pauperes
1369 2989 1712 3065 vestiebat
1734 3016 1755 3075 ;
1791 2989 1974 3089 saepe
2000 2987 2333 3063 frumenti
2359 2987 2634 3062 modios
2658 2988 2975 3086 integros
3000 2987 3241 3078 dabat,
3273 3001 3397 3062 aut
3424 2989 3641 3065 etiam
3668 2990 3903 3088 plures

999 3113 1089 3187 ad
1134 3112 1591 3196 honestioreS,
1639 3134 1939 3211 quorum
1988 3109 2245 3183 attritae
2292 3133 2403 3184 res
2444 3107 2685 3194 effent,
2728 3108 3082 3184 mittebat.
3189 3108 3405 3196 Quod
3440 3123 3513 3184 et
3548 3111 3902 3188 nonnullis

997 3235 1294 3309 nimium
1339 3233 1586 3318 visum,
1639 3243 1712 3307 et
1763 3231 2118 3316 maritum,
2171 3241 2250 3303 ut
2296 3229 2778 3304 moderaretur
2826 3229 3267 3304 admonitum
3318 3230 3603 3321 ferunt3
3658 3245 3900 3307 tamen

1000 3355 1117 3430 ille
1162 3354 1359 3440 nihil,
1404 3354 1542 3428 frui
1590 3377 1753 3427 eam
1798 3351 2089 3452 ingenio
2136 3350 2259 3423 suo
2298 3348 2623 3449 jubebat,
2672 3349 2825 3426 fore
2861 3362 2939 3424 ut
2972 3362 3117 3425 tam
3155 3351 3298 3425 cito
3342 3352 3491 3450 ipsa
3531 3377 3749 3452 quam
3784 3353 3902 3428 ille

999 3474 1377 3574 indigeret.
1518 3472 1724 3548 Illum
1781 3472 2054 3544 summo
2123 3494 2364 3543 amore
2432 3469 2802 3567 prosecuta
2862 3470 2984 3560 est,
3042 3471 3258 3547 etiam
3320 3472 3410 3548 ad
3472 3473 3900 3575 zelotypiam

998 3595 1403 3695 aliquando,
1442 3591 1561 3666 sed
1597 3591 1862 3691 absque
1889 3589 2299 3685 acerbitate,
2339 3615 2427 3664 ex
2464 3590 2719 3666 amoris
2754 3592 2985 3694 magis
3019 3591 3479 3684 abundantia,
3518 3619 3737 3694 quam
3782 3621 3901 3670 na-

1001 3730 1176 3790 turae
1226 3713 1522 3788 malitia.
1627 3711 2000 3795 Narratur,
2053 3735 2215 3786 cum
2267 3710 2653 3810 aliquando
2704 3712 2996 3788 maritus
3050 3711 3541 3788 Farnihestum
3595 3713 3767 3805 isset,
3824 3727 3898 3789 ut

1002 3861 1164 3912 cum
1213 3833 1500 3908 domino
1547 3831 1984 3907 familiariter
2038 3830 2586 3917 conversaretur,
2636 3843 2708 3907 et
2747 3831 2929 3907 forte
2966 3833 3148 3908 ultra
3182 3846 3486 3935 tempus,
3525 3835 3721 3935 quod
3756 3836 3903 3936 ipsa

1001 3956 1238 4031 animo
1289 3953 1413 4029 fibi
1460 3953 1819 4041 statuerat,
1874 3977 2145 4026 moram
2191 3951 2508 4040 duxisset,
2562 3977 2722 4026 cum
2766 3953 3197 4029 succurrifl'et
3230 3955 3487 4046 mariti,
3538 3968 3611 4029 et
3651 3956 3900 4030 sororis

1002 4073 1418 4152 Farnihestii
1472 4074 1673 4173 (quae
1721 4070 1962 4172 postea
2016 4069 2229 4171 Hayo
2269 4072 2569 4146 Yestero
2610 4071 2877 4172 nupfit)
2914 4073 3171 4150 nobilis
3207 4099 3404 4148 amor
3442 4075 3627 4174 (qui,
3664 4077 3901 4151 nescio

1000 4224 1144 4299 qua
1179 4197 1475 4284 ratione,
1516 4192 1896 4293 impeditus
1935 4192 2060 4280 est,
2095 4217 2187 4266 ne
2238 4193 2687 4267 matrimonio
2722 4192 3075 4293 finiretur)
3113 4194 3308 4269 illam
3344 4195 3699 4296 zelotypia
3750 4222 3901 4270 cor-

998 4329 1292 4416 reptam,
1341 4340 1528 4415 equo
1586 4313 1998 4414 conscensO,
2036 4337 2178 4387 uno
2227 4325 2351 4387 aut
2396 4313 2620 4387 altero
2668 4313 3077 4400 comitante,
3126 4314 3220 4389 ad
3274 4340 3440 4390 eum
3495 4315 3899 4408 advolafl'e3

997 4437 1324 4512 maritum
1360 4436 1724 4536 inopinato
1759 4432 1914 4533 ejus
1948 4432 2256 4507 adventu
2294 4446 2748 4522 commotum,
2786 4433 2907 4508 ubi
2955 4436 3241 4510 causam
3286 4437 3585 4523 rescivit,
3636 4438 3899 4514 subira-

997 4571 1146 4631 tum
1203 4556 1561 4656 (quamvis
1613 4555 1679 4628 ei
1731 4553 1928 4628 irasci
1974 4577 2115 4626 non
2163 4565 2462 4652 poterat,
2513 4565 2585 4627 et
2636 4578 2973 4640 amorem,
3026 4557 3203 4632 facti
3240 4558 3549 4643 causam,
3586 4558 3895 4657 amaret)

999 4702 1144 4778 qua
1189 4689 1478 4751 venerat
1524 4700 1728 4774 aeque
1770 4674 2000 4748 subito
2037 4672 2383 4758 remisisse,
2420 4673 2641 4774 ipsum
2682 4674 3012 4774 postridie
3046 4677 3519 4765 subsecutum,
3554 4679 3902 4779 increpita

997 4799 1249 4872 leniter
1276 4795 1468 4869 inani
1503 4795 1913 4893 suspicione,
1953 4818 2088 4867 nec
2121 4817 2245 4892 pro
2299 4791 2509 4894 ipfius
2562 4794 2909 4894 dignitate
2944 4797 3286 4873 comitatu
3338 4798 3762 4886 satisfecisse,
3800 4811 3895 4888 et,

998 4945 1088 4994 ne
1111 4915 1281 5019 quid
1305 4915 1448 4990 tale
1476 4914 1544 4989 in
1569 4914 1920 5014 posterum
1950 4913 2323 5003 accideret,
2348 4914 2731 5000 monuifl'e3
2762 4915 3125 5016 ipsumque
3149 4919 3547 5019 diligenter,
3571 4945 3661 4995 ne
3683 4945 3901 5021 quam
