4575 6042
1012 726 1102 797 18
1927 717 2070 797 DE
2125 715 2580 797 FAMILIA
2637 717 2993 797 HUMIA

1011 957 1154 1030 que
1189 931 1311 1032 qui
1349 942 1598 1008 contra
1629 930 1968 1007 steterant
2007 931 2287 1032 Anglis,
2339 930 2532 1008 omni
2589 955 2811 1032 opera
2863 956 3027 1008 cum
3088 929 3381 1023 Humio,
3436 942 3509 1008 et
3564 930 3931 1008 Huntilaeo

1015 1052 1302 1139 comite,
1355 1053 1471 1128 cui
1507 1050 1829 1153 adjuncti
1880 1063 2106 1142 erant,
2160 1051 2312 1153 egit
2364 1064 2443 1126 ut
2494 1051 2847 1128 laboranti
2906 1052 3125 1154 regiae
3184 1053 3365 1129 aciei
3426 1053 3927 1129 succurrerent.

1019 1171 1289 1248 Verum
1324 1197 1488 1248 cum
1521 1172 1944 1274 persuadere
1979 1197 2124 1247 non
2179 1171 2427 1272 pofl'et,
2469 1197 2605 1248 ceu
2642 1172 3014 1272 deplorata
3056 1173 3213 1273 jam
3259 1199 3357 1263 re,
3413 1172 3561 1274 ipse
3612 1195 3777 1248 cum
3810 1171 3934 1246 sua

1017 1307 1251 1368 turma
1285 1318 1374 1369 eo
1412 1303 1768 1394 properat,
1807 1305 1880 1368 et
1915 1317 2081 1368 cum
2119 1292 2292 1367 nihil
2328 1292 2521 1368 aliud
2556 1293 2803 1394 poffet,
2833 1293 2973 1369 hoc
3005 1293 3171 1368 fidei
3198 1305 3271 1368 et
3298 1293 3555 1368 amoris
3582 1293 3651 1368 in
3681 1291 3931 1395 princi·

1019 1439 1184 1514 pem
1220 1414 1578 1515 specimen
1613 1413 1836 1499 dedit,
1873 1425 1950 1487 ut
1986 1439 2132 1487 una
2167 1413 2463 1515 egregie
2496 1437 2847 1514 pugnans,
2878 1437 3039 1490 cum
3074 1413 3397 1515 Georgio
3424 1414 3725 1489 filiorum
3759 1423 3933 1487 natu

1020 1535 1359 1626 maximo,
1399 1534 1733 1622 caderet;
1768 1534 1860 1610 de
1896 1558 2041 1634 quo
2075 1532 2170 1609 fic
2203 1535 2366 1610 suos
2401 1533 2773 1635 alloquens
2805 1533 3317 1610 introducitur:

1471 1775 1662 1865 Huc,
1701 1775 1867 1864 huc,
1909 1775 1979 1852 O
2015 1775 2212 1861 socii,
2245 1775 2569 1851 victricia
2602 1775 2853 1851 vertite
2886 1774 3110 1878 figna,

1570 1895 1738 1972 Hac
1771 1897 2013 1988 decuS,
2051 1910 2123 1972 et
2157 1897 2403 1982 virtuS,
2438 1897 2575 1972 hac
2612 1898 2843 1997 patria
2877 1897 3023 1973 alta
3057 1909 3289 1973 vocat.

1473 2017 1612 2094 Per
1644 2042 1796 2103 voa,
1831 2041 1958 2116 per
1992 2016 2301 2104 dextrae,
2337 2029 2409 2092 et
2442 2042 2669 2118 nuper
2702 2018 2915 2092 fortia
2948 2018 3170 2107 facta,

1577 2138 1737 2228 Per,
1775 2137 1827 2212 fi
1862 2163 2008 2238 qua
2041 2137 2165 2227 est,
2203 2138 2523 2213 sanctam
2560 2139 2849 2238 regibus
2884 2139 3105 2238 usque
3138 2137 3374 2230 fidem,

1480 2257 1822 2359 Rumpite
1857 2271 1932 2334 et
1963 2258 2152 2334 hanc
2186 2259 2441 2344 aciem,
2468 2259 2881 2360 mediasque
2914 2259 3247 2334 incurrite
3272 2271 3590 2351 turmas;

1575 2380 1743 2467 Quo
1776 2379 2024 2479 fugis?
2082 2378 2198 2455 hic
2225 2404 2450 2470 arma,
2489 2378 2605 2455 hic
2640 2379 2912 2456 hostica
2945 2379 3145 2481 figna
3177 2380 3387 2466 vide3

1473 2498 1834 2600 Linquere
1868 2507 2051 2575 men’
2087 2499 2387 2600 potuifl'e
2421 2511 2745 2574 ruentem
2782 2500 2853 2574 in
2888 2500 3139 2600 proelia
3172 2525 3440 2602 regem,

1576 2620 1646 2697 O
1680 2620 1989 2722 genitor,
2023 2619 2219 2696 nulla
2255 2620 2411 2694 haec
2442 2621 2734 2695 nunciet
2769 2621 3017 2696 umbra
3052 2621 3208 2696 tibi.

1475 2741 1854 2817 Debueras
1879 2741 2227 2843 supereffe
2261 2754 2503 2817 tamen
2536 2740 2735 2828 mihi,
2769 2753 2986 2833 nate3
3024 2742 3203 2817 mori
3235 2742 3371 2816 stat

1578 2860 1746 2938 Una
1779 2891 1799 2950 3
1834 2861 2027 2939 haud
2063 2861 2422 2939 invideam
2456 2860 2615 2952 hoc,
2646 2862 2800 2962 jam
2836 2861 2963 2937 tibi
2999 2862 3116 2937 via
3146 2863 3455 2938 doleam.

1031 3097 1293 3176 Fuerat
1346 3112 1588 3176 autem
1637 3100 1756 3176 hic
1795 3098 2157 3199 Georgius
2207 3099 2535 3175 maximae
2590 3099 3111 3199 expectationis
3159 3098 3469 3199 juvenis,
3505 3122 3720 3199 quem
3776 3123 3937 3175 cum

1027 3236 1252 3322 pater,
1278 3221 1374 3295 ob
1396 3222 1704 3296 incertos
1731 3220 1897 3295 belii
1926 3223 2149 3309 casuS,
2173 3245 2266 3295 ne
2296 3233 2594 3320 uterque
2628 3220 2891 3320 pariter
2914 3219 3305 3321 periculum
3331 3219 3617 3307 subiret,
3646 3221 3937 3296 domum

1028 3341 1413 3429 remififfet,
1449 3341 1717 3442 illeque
1751 3341 1934 3416 inter
1981 3341 2421 3416 redeundum
2475 3340 2566 3414 ad
2608 3339 3096 3416 Caldstremiae
3146 3341 3553 3416 coenobium
3590 3353 3663 3416 et
3696 3367 3938 3416 mona·

1030 3467 1324 3541 charum
1374 3463 1782 3564 primariam
1849 3461 2290 3536 familiariter
2358 3460 2763 3547 divertifl'et,
2832 3461 3083 3537 mulier
3126 3461 3381 3538 insulsa
3424 3462 3672 3562 juveni
3724 3486 3937 3563 pavo·

1031 3611 1179 3661 rem
1216 3583 1640 3684 exprobrat3
1695 3607 1841 3682 quo
1890 3582 2008 3657 ille
2044 3580 2424 3682 opprobrio
2460 3594 2880 3673 commotus,
2936 3584 3028 3659 ad
3063 3594 3340 3686 patrem
3374 3608 3672 3685 propere
3732 3583 3937 3668 redit,

1033 3731 1170 3781 nec
1198 3703 1622 3807 persuadere
1656 3703 1890 3804 potuit
1923 3713 2002 3776 ut
2040 3702 2320 3778 rediret.
2426 3701 2525 3777 Et
2560 3701 2712 3778 haec
2746 3703 2838 3779 de
2874 3703 3077 3780 bellis
3111 3705 3464 3796 externi83
3520 3704 3938 3779 domesticos

1035 3827 1251 3902 etiam
1288 3823 1634 3901 tumultus
1665 3821 1900 3923 paffus
1937 3822 2063 3897 est.
2168 3822 2365 3898 Nam
2419 3823 2509 3899 de
2549 3822 2979 3910 Thurston0,
3033 3849 3247 3926 quem
3307 3825 3453 3925 ipse
3508 3837 3582 3901 et
3634 3825 3937 3924 majores

1033 3945 1499 4049 poffederant,
1557 3943 1808 4020 Vallas
1867 3955 2112 4019 autem
2171 3942 2483 4045 Cragius
2541 3942 2887 4021 Coilanus
2936 3943 3163 4021 haeres
3216 3956 3391 4035 erat,
3445 3969 3631 4047 pene
3672 3943 3939 4044 justum

1034 4069 1300 4146 bellum
1354 4066 1576 4168 geffit,
1618 4064 1912 4141 incenfis
1957 4065 2148 4152 villa,
2186 4091 2377 4152 arce,
2410 4064 2841 4157 molendino,
2882 4065 3160 4142 abactis
3204 4065 3605 4168 pecoribuS,
3640 4081 3714 4140 et
3741 4077 3936 4141 metu

1035 4189 1550 4267 aedificantibus
1583 4187 1875 4287 injecto,
1913 4186 2197 4262 nemine
2233 4199 2498 4277 tamen,
2537 4187 2731 4288 quod
2766 4187 3213 4262 meminerint
3248 4187 3594 4272 homines,
3630 4197 3756 4262 aut
3788 4210 3935 4261 mo-

1034 4324 1376 4387 numenta
1408 4319 1831 4394 memorant,
1867 4308 2072 4394 caes0,
2110 4318 2188 4382 ut
2220 4317 2484 4383 terrere
2518 4308 2751 4408 magis
2784 4307 3098 4395 voluiffe,
3133 4333 3351 4409 quam
3386 4307 3714 4384 occidere
3748 4307 3938 4382 vide·

1038 4444 1217 4508 atur.
1329 4430 1497 4506 Scio
1532 4441 1770 4504 tamen
1807 4453 2024 4528 quam
2059 4427 2198 4502 hoc
2230 4429 2459 4527 ipsum
2486 4428 2900 4503 invidiosum
2928 4427 3034 4514 fit,
3062 4441 3133 4504 et
3170 4439 3565 4529 quamtum
3600 4429 3750 4519 iste,
3788 4439 3939 4502 tum

1034 4553 1317 4654 posteri,
1351 4550 1540 4625 male
1574 4548 1930 4624 nonnullis
1963 4548 2102 4624 hoc
2132 4548 2428 4626 nomine
2462 4549 2935 4651 excipiantur.
3042 4547 3141 4623 Et
3193 4549 3295 4625 est
3328 4549 3495 4624 sane
3544 4548 3789 4650 legum
3836 4550 3939 4624 sa-

1035 4673 1406 4751 crosancta
1440 4671 1852 4756 auctoritas,
1885 4694 2023 4744 nec
2054 4669 2472 4745 temeranda
2504 4670 2841 4771 quidem3
2896 4669 3017 4745 sed
3051 4669 3157 4745 est
3188 4682 3262 4745 et
3296 4682 3694 4772 temporum
3730 4682 3803 4747 et
3836 4697 3939 4748 re·

1035 4821 1190 4872 rum
1218 4792 1606 4882 discrimen,
1647 4791 1750 4868 est
1800 4815 1965 4867 cum
2016 4790 2242 4866 audiri
2298 4791 2542 4892 legum
2596 4816 2733 4866 vox
2792 4816 2935 4866 non
2999 4790 3221 4892 poffit,
3262 4790 3361 4866 est
3418 4815 3581 4866 cum
3620 4791 3942 4892 iniquum

1028 4918 1303 5019 jubeat,
1345 4925 1416 4989 et
1440 4913 1562 5014 jus
1596 4912 1820 5014 ipsum
1856 4911 2114 5012 injuria
2144 4911 2250 4990 fit.
2358 4911 2547 5014 Ego,
2587 4938 2732 5014 quo
2766 4912 2973 4988 titulo
3008 4911 3431 5014 potiffimum
3466 4913 3673 4990 nixus
3705 4915 3941 5002 fuerit,
